3892 6126
79 162 146 219 trel
615 160 777 221 crannum
796 160 968 220 Poanmm
987 162 1254 222 cabanariam.
1719 165 1794 227 tros·

80 284 154 337 enim
170 285 236 336 sunt
249 282 352 350 aliquid
367 285 524 351 hujusmodi
540 286 732 351 subsistentiis,
747 287 790 339 vel
818 301 905 352 quan·
920 289 1058 355 Actaque
1087 290 1225 341 intellectu
1256 288 1369 353 intelligi
1397 301 1452 339 non
1476 291 1598 354 poseant,
1620 289 1667 343 sed
1694 292 1787 344 tamen

77 358 628 423 titatibus,reiqualitatibusqnibusvel
653 359 745 411 nativa
764 374 826 411 vere
843 367 907 413 aaut
961 362 1050 424 atiquo
1071 362 1150 411 modo
1167 360 1293 411 videlieet
1317 366 1474 410 caeterarum
1500 363 1621 413 omnium
1644 376 1743 423 rerum,
1760 365 1786 415 id

81 429 203 493 aliquid;
221 428 262 479 vel
284 442 345 493 quae
372 443 460 493 neque
488 434 552 480 sunt
580 432 691 495 aliquid,
718 446 806 495 neque
834 438 907 491 aunt,
959 434 1352 483 estemteriaconvenientiam
1381 434 1532 497 privatione
1560 436 1710 498 capiantur,
1733 436 1785 486 troc

77 505 209 565 tanquam
225 500 326 564 aliquid
359 501 414 549 sint
440 499 590 565 linguntur.
619 504 690 553 Deus
717 502 789 551 euim
811 509 906 553 estes·
959 510 1009 564 est,
1026 519 1085 555 eum
1101 507 1198 555 mentis
1226 505 1381 555 assensione
1408 506 1605 569 percipiuntur.
1621 508 1658 558 lie
1685 505 1783 571 imagi·

76 570 174 629 sentia,
192 584 248 621 non
277 574 318 621 est
345 571 456 635 aliquid,
485 586 536 622 aec
562 587 620 623 eoae
655 572 758 637 aliquid
796 573 907 637 lingitur
959 578 1077 635 natione,
1094 577 1393 640 quiestunusmedus
1418 576 1599 639 intelligendi,
1627 592 1681 643 quo
1711 578 1783 629 acili-

77 642 381 704 ereatasnbaistenlia;
410 656 441 693 ac
470 656 519 707 per
546 643 598 693 troc
626 643 694 693 nibil
723 658 816 695 eorum
845 658 906 708 qaas
958 652 1000 697 cet
1015 662 1058 698 res
1073 650 1221 699 etiamnum
1244 646 1417 711 proprietatis
1441 650 1576 707 nota,sed
1608 651 1666 700 sine
1687 664 1782 701 assen-

75 714 269 765 subsistentias
297 714 463 765 comitantur
492 714 518 764 in
547 713 593 764 illo
620 730 678 766 ease
700 716 905 780 poteramque
958 720 1437 785 sionepercipitur3etdepertecto
1455 720 1781 786 intellecta,qnietpre·

75 785 126 837 etsi
142 790 323 851 magnarest,
339 798 394 835 non
413 788 502 835 tamen
519 786 572 837 lroc
600 791 640 837 est
665 786 832 852 quantitate3
855 789 905 839 etsi
957 792 1067 854 prietata
1097 797 1123 841 et
1152 792 1308 841 assensione
1337 790 1518 848 constituitur.
1544 795 1623 842 tacet.
1648 792 1780 851 Quoniam

74 856 571 921 qualiseat,nontamenqualitate;
601 856 651 909 etsi
681 858 769 917 daret,
794 862 904 910 nanta·
957 863 1110 926 explanatio
1125 877 1186 927 qum
1201 863 1231 913 tlt
1244 862 1369 927 exemplo
1382 876 1436 912 non
1451 876 1546 913 omnes
1561 870 1652 928 partes
1671 877 1780 914 enume-

73 941 139 980 men
155 932 286 993 tempore.
302 928 378 979 Unde
394 928 507 979 humani
536 929 620 979 animi
649 934 738 981 motus
764 944 848 993 egena
875 945 905 982 sn
955 939 1007 991 rat,
1024 936 1070 985 sed
1087 937 1190 1000 paucis.
1205 936 1287 987 ethis
1302 937 1416 985 maxime
1432 950 1479 1000 per
1496 950 1564 1000 ques
1578 941 1681 988 caeterae
1695 937 1778 987 intel-

73 1000 166 1065 ipsum
180 1000 398 1066 concupiendum
419 1000 488 1051 nibil
517 1002 674 1066 hujusmodi
703 1004 827 1055 inuenire
855 1020 904 1068 po·
956 1003 1088 1069 ligantur,
1104 1008 1246 1071 exemplat.
1262 1008 1297 1058 Ut
1311 1007 1433 1057 hocloco
1447 1008 1513 1057 satis
1538 1009 1778 1072 apparet,perlec-

73 1074 130 1125 sest
155 1074 228 1139 quod
256 1073 315 1138 ejus
345 1073 489 1138 conceptui
521 1075 760 1136 adminiculetur;
789 1077 904 1140 ideoque
957 1080 1013 1127 tum
1028 1079 1194 1128 intellectum
1210 1078 1412 1129 deberovocari
1428 1079 1604 1136 intellectum,
1620 1079 1778 1131 aumatium

70 1142 411 1209 ipsumeomprebendere
439 1159 487 1209 per
512 1159 543 1197 ee
568 1146 667 1210 quibus
696 1147 730 1196 sit
753 1147 905 1211 aliquid,et
955 1147 1296 1212 insperleetoheenomen
1313 1150 1467 1201 conveniat.

70 1214 394 1280 aliquidessellngatur,
419 1216 578 1267 nullatenus
605 1218 686 1268 valet.
715 1218 823 1269 Deintra
851 1234 903 1270 cae·
985 1220 1168 1283 ldcircacero,
1198 1224 1262 1286 etc]
1288 1221 1344 1271 Cur
1372 1223 1399 1271 in
1428 1220 1588 1273 dillinitiene
1610 1226 1778 1287 naturreap·

68 1289 129 1337 tera
143 1289 243 1345 tamen,
260 1301 307 1351 per
324 1288 420 1337 horum
433 1289 555 1338 omnium
574 1289 608 1338 ab
637 1288 683 1338 illo
713 1288 901 1349 remotionem,
953 1292 1083 1355 posuerit,
1112 1294 1314 1357 quoquomodo,
1352 1294 1486 1358 exposuit.
1523 1294 1600 1345 Nunc
1634 1309 1699 1345 vero
1726 1309 1775 1346 cur

68 1361 161 1425 ipsum
176 1360 309 1425 selegens,
331 1364 358 1411 et
384 1374 445 1411 eum
475 1375 539 1412 vere
569 1375 627 1412 ease
656 1375 717 1412 cum
743 1363 902 1415 assensione
953 1362 1115 1427 adjunxerit,
1145 1378 1206 1427 quae
1230 1378 1290 1414 cum
1318 1364 1382 1421 sint,
1397 1365 1525 1424 ostendit,
1544 1368 1571 1415 et
1599 1366 1652 1416 ait:
1672 1365 1774 1418 idcirco

70 1434 236 1497 percipiens,
265 1432 492 1498 qualitercunque
528 1433 661 1498 intelligit.
691 1435 743 1485 Sed
771 1438 900 1498 quoniam
951 1446 1016 1483 rere
1033 1436 1214 1498 adjunximus,
1231 1449 1364 1499 quocum
1386 1438 1494 1492 sinaut
1523 1437 1704 1488 divideremus
1726 1452 1776 1490 na·

72 1505 150 1556 nulla
164 1506 223 1571 ejus
238 1506 412 1570 proprietate,
431 1507 473 1556 rel
489 1508 552 1570 quid
571 1507 606 1557 ait
620 1520 730 1571 genera,
750 1507 791 1557 vel
818 1522 901 1571 qaran·
952 1509 1039 1555 turam
1056 1509 1089 1555 ab
1105 1506 1147 1556 hia
1163 1522 1292 1571 qaaenou
1309 1513 1390 1557 sunt:
1406 1521 1467 1571 quse
1492 1514 1582 1559 temen
1608 1510 1774 1561 inboceum

71 1580 118 1627 tus
133 1591 271 1640 mensura,
293 1577 335 1627 rel
362 1578 449 1641 qualis
479 1578 566 1628 terma
594 1584 644 1636 est,
673 1579 716 1629 rel
744 1579 901 1643 hujusmodi
952 1581 1048 1628 natura
1077 1582 1251 1639 conveniant,
1281 1580 1353 1643 quod
1384 1580 1522 1629 intellectu
1559 1582 1618 1645 capi
1652 1588 1773 1644 possunt.

69 1648 197 1711 percipit,
212 1648 301 1712 ipsum
325 1648 435 1699 minime
463 1649 678 1713 comprehendit.
704 1651 770 1700 Nam
799 1647 1029 1725 intelli-fliium.
1045 1650 1115 1700 rieul
1131 1653 1289 1715 tttffldielum
1318 1656 1367 1707 cel.
1386 1652 1431 1701 illd
1458 1653 1538 1701 elium
1565 1665 1695 1715 quoenon
1711 1659 1776 1704 suut

67 1719 161 1783 gilsitis
174 1718 283 1783 quidem
296 1723 346 1778 est,
361 1733 416 1769 non
446 1733 511 1771 vero
542 1722 898 1785 comprehensibiliasimi·
953 1720 1165 1786 intellectucapi
1182 1729 1310 1785 pessunt:
1339 1721 1468 1787 quoniam
1498 1726 1577 1772 etiam
1606 1724 1658 1773 troc
1685 1725 1773 1787 ipsum

67 1788 133 1841 liter
162 1792 461 1855 incomprehensibilem
490 1796 581 1842 tamen
610 1790 808 1857 intelligibilem
838 1806 897 1845 esse
948 1805 1047 1842 nomen
1065 1793 1198 1843 inlinitum
1227 1794 1294 1844 nibil
1322 1809 1371 1858 pro
1402 1794 1554 1844 substantia
1575 1794 1771 1856 signifieatali·

64 1862 271 1927 primordialem
300 1862 452 1918 materiam,
480 1864 508 1913 in
538 1877 590 1928 qua
620 1869 717 1914 natura
742 1865 834 1914 onmia
861 1867 896 1916 ab
949 1864 1085 1927 quid,sed
1112 1879 1167 1913 nou
1195 1872 1328 1915 naturam.
1361 1865 1413 1916 Pro
1451 1866 1603 1916 substantia
1638 1864 1773 1916 dicimus:

66 1934 166 1999 opillca
182 1934 251 1987 iacta
266 1938 339 1997 sunt,
356 1934 522 2000 pbilosophis
536 1937 623 1986 risum
639 1941 697 1997 est;
715 1941 742 1987 et
769 1938 807 1986 sic
835 1940 894 2002 qui·
948 1936 1077 1999 queniam
1096 1950 1145 1999 pro
1160 1938 1288 1999 qualitate
1301 1936 1443 2000 signifieat,
1459 1941 1487 1988 et
1514 1936 1586 2000 qnod
1611 1941 1652 1987 est
1665 1942 1772 1997 natura,

65 2006 129 2059 dem
145 2006 191 2058 illa
206 2022 267 2072 quas
284 2021 339 2057 non
355 2011 428 2068 sunt,
458 2008 605 2071 opinione;
633 2022 695 2071 qnae
723 2022 787 2058 vero
818 2015 893 2067 sunt,
949 2006 1065 2070 etquod
1089 2022 1142 2058 non
1172 2016 1213 2059 est
1242 2014 1348 2059 nutura.
1383 2009 1520 2071 Significat
1551 2010 1623 2059 enim
1650 2010 1771 2060 eamdem

64 2078 316 2143 imaginationem}
338 2079 477 2130 intellecta
504 2078 704 2143 concipiuntur.
733 2080 894 2145 Imaginatio
947 2078 1103 2141 qualitatem
1121 2094 1203 2143 quam
1230 2079 1282 2129 boe
1310 2094 1407 2130 nomen
1430 2079 1563 2129 inlinitum
1588 2078 1700 2143 aliquid,
1728 2094 1773 2130 eu·

65 2152 161 2201 tamen
182 2154 209 2200 et
236 2149 391 2201 intellectus
419 2149 448 2201 in
477 2151 568 2201 multis
596 2150 736 2216 seripturis
764 2153 894 2202 dicuntur
944 2149 990 2214 jus
1004 2151 1063 2201 aine
1078 2152 1160 2202 dnbio
1175 2151 1293 2215 qualitas
1308 2156 1359 2209 est,
1374 2157 1401 2202 et
1418 2166 1478 2217 quas
1503 2155 1596 2209 eat,et
1622 2164 1683 2215 ques
1716 2164 1772 2201 non

64 2222 171 2287 opinio.
187 2222 317 2274 Similiter
341 2223 434 2287 opinio
462 2227 488 2273 et
515 2222 670 2287 imaginatio
700 2224 827 2273 dicuntur
848 2224 892 2273 in·
947 2226 996 2271 eet.
1012 2222 1131 2275 Sensus:
1148 2222 1258 2288 Aliquid
1270 2228 1297 2274 et
1311 2224 1377 2273 nibil
1392 2224 1463 2286 apud
1483 2224 1670 2287 grammaticos
1696 2235 1772 2272 cam·

64 2293 200 2345 tellectus.
224 2294 303 2345 Unde
332 2298 359 2344 et
385 2292 414 2345 in
443 2294 493 2344 lrac
517 2295 678 2346 diffinitione
704 2301 819 2353 naturae,
838 2309 893 2360 qua
947 2293 1008 2343 dem
1032 2294 1145 2345 omnino
1186 2294 1342 2357 qualitatem
1384 2294 1546 2357 significant,
1588 2295 1768 2345 substantiam

62 2364 432 2417 dlxitsllaturaestearum
453 2380 543 2417 reram
573 2380 632 2431 quae
661 2367 799 2418 intellectu
831 2366 892 2431 cepi
946 2367 1207 2417 veroomninonon
1237 2366 1368 2416 eamdem.
1395 2367 1440 2416 Eat
1463 2367 1535 2416 enim
1552 2366 1694 2429 utriusque
1720 2377 1771 2417 no-

61 2438 335 2502 possunt,taaquam
352 2452 449 2489 namra
478 2436 657 2489 universalius
686 2438 892 2502 praedicaritde
945 2437 1026 2486 minis
1039 2437 1121 2501 buJus
1134 2438 1260 2503 qualitas,
1275 2437 1408 2503 quidquid
1425 2451 1520 2488 sorum
1545 2450 1606 2501 qum
1634 2441 1769 2499 sunteat;

64 2520 107 2565 aa.
127 2507 265 2561 intellectu
294 2512 355 2575 cepi
384 2524 470 2575 posse.
500 2512 565 2560 Nam
593 2510 743 2561 secundum
771 2510 891 2576 regulam
946 2512 972 2557 et
987 2510 1119 2573 quidquid
1135 2524 1228 2561 eornm
1256 2504 1320 2574 quui
1346 2524 1400 2560 non
1427 2514 1490 2559 sunt
1518 2508 1769 2573 lingiturqualitas.

63 2578 278 2641 dialecticorum,
293 2583 316 2632 si
332 2596 393 2633 sere
426 2582 587 2633 universalis
612 2582 769 2633 alflrmative
794 2584 822 2633 in
846 2597 892 2632 ea·
944 2578 996 2630 Sed
1012 2580 1093 2643 baius
1108 2582 1226 2631 neminis
1256 2582 1328 2645 qued
1360 2585 1401 2631 cst
1430 2580 1533 2644 aliquid
1553 2582 1769 2641 substantiaeat,

64 2650 128 2703 dem
145 2653 522 2717 quantitateconrersalalss
549 2658 597 2712 est,
627 2654 802 2718 praedicatum
823 2655 892 2718 eius·
945 2654 972 2701 ct
987 2650 1014 2699 id
1029 2652 1102 2715 qnod
1117 2657 1167 2711 est,
1182 2657 1210 2703 et
1221 2653 1249 2704 id
1265 2653 1336 2717 quod
1352 2652 1472 2717 tingitur,
1498 2652 1544 2703 aed
1569 2666 1624 2703 non
1649 2657 1698 2702 est.
1717 2652 1770 2702 llu-

64 2720 485 2790 demrereabundatsubjecto.
515 2724 551 2777 Ut
577 2725 665 2776 omnis
690 2726 772 2777 bomo
801 2740 892 2791 eorpo-
942 2722 988 2787 jur
1005 2724 1214 2788 terothdesl
1240 2724 1361 2783 nihil,id
1389 2723 1476 2773 tolum
1505 2723 1578 2787 q¹¹⁰d
1605 2723 1724 2787 findilur,
1742 2726 1770 2774 θῑ

62 2806 129 2845 reus
146 2797 455 2848 estzhtecuniversalia
476 2796 620 2848 allirmetio
649 2811 715 2849 vera
741 2798 890 2849 eet.0mne
945 2809 1115 2860 nequaquam
1130 2796 1230 2860 aliquid
1260 2801 1309 2847 est.
1335 2795 1402 2845 Nem
1428 2796 1478 2845 etsi
1507 2795 1588 2858 sit‚ei
1607 2801 1769 2847 tamennon

63 2868 631 2933 corporeumbomeesl,ialsaest.Unde
653 2869 824 2920 manifestum
849 2874 891 2920 est
944 2873 987 2918 eet
1000 2867 1100 2932 aliquid
1117 2873 1163 2918 ant
1177 2872 1274 2918 natura
1302 2871 1348 2917 aut
1376 2868 1527 2925 efficientia,
1557 2866 1624 2917 nibil
1655 2871 1714 2919 est:
1735 2872 1766 2919 ut

63 2940 141 3003 quod
157 2954 315 3004 corporeum
329 2941 438 2991 bomine
455 2942 516 3004 plus
530 2945 579 2999 eat,
599 2945 626 2991 et
652 2942 780 2991 abundat.
809 2941 889 2992 Simi·
944 2938 1001 2999 ὕλη.
1026 2941 1250 3003 queeeecundum
1274 2939 1451 3003 philosophos
1471 2938 1769 3002 eet,sednequaquam

63 3008 130 3061 liter
143 3014 232 3063 omnia
246 3018 344 3063 natura
372 3013 510 3064 intellectu
537 3014 596 3077 capi
622 3018 718 3077 potest,
741 3014 800 3063 haec
827 3014 888 3063 uui·
944 3011 1045 3074 aliquid
1061 3016 1118 3060 est:
1146 3010 1274 3075 quoniam
1301 3024 1390 3075 neque
1419 3014 1515 3060 natura
1545 3014 1586 3059 est
1608 3008 1719 3073 aliquid,
1736 3012 1765 3060 ut

63 3082 182 3135 rarsalis
201 3084 343 3136 affirmatio
370 3100 433 3136 resa
459 3093 508 3136 est.
539 3085 623 3136 Omne
651 3087 722 3149 quod
752 3086 888 3137 intellectu
945 3081 1098 3139 flilmmesl,
1124 3084 1366 3147 qualeqaolilotel
1392 3096 1480 3143 neque
1507 3081 1661 3139 effitientia,
1678 3085 1708 3131 ut
1729 3081 1764 3131 ⁸1·

63 3154 127 3219 capi
158 3159 246 3220 potest
275 3162 372 3208 natura
399 3161 448 3215 est,
477 3156 546 3206 laisa
573 3157 890 3208 est.lindecertumest
943 3153 1516 3219 bedaestqaalitaa.eoquodlaeitquale.
1540 3153 1569 3201 ln
1590 3153 1766 3203 modoetiam

63 3226 137 3291 qnod
154 3226 296 3279 intellecta
326 3230 384 3294 capi
415 3243 494 3293 posse
520 3228 702 3279 universalius
730 3235 779 3287 eat,
807 3243 888 3293 quam
944 3223 1112 3288 significandi
1129 3226 1284 3289 qualitatem
1313 3225 1435 3275 eamdem
1466 3226 1522 3275 baec
1550 3223 1661 3273 nonime
1687 3222 1766 3274 dille·

61 3298 618 3362 nsturu.Sieutanimvere,eicetlicte,
646 3302 820 3365 proprietatis
839 3304 887 3351 ad·
943 3302 1015 3347 runt.
1033 3297 1099 3347 Nam
1115 3298 1214 3360 aliquid
1245 3311 1325 3348 anam
1352 3297 1466 3360 aiicujus
1494 3310 1587 3346 aarum
1611 3309 1671 3360 quaa
1700 3301 1765 3346 sunt

61 3368 192 3420 minicula
219 3376 433 3436 caeterorumque
460 3373 515 3421 sire
542 3385 602 3434 qum
642 3378 714 3429 sunt,
743 3372 799 3421 sive
827 3385 888 3435 qaas

60 3438 130 3503 tingi
159 3446 281 3504 possunt,
310 3444 458 3493 remotione
488 3442 610 3501 selegens
641 3444 756 3500 animus,
785 3442 887 3506 aliquid

60 3512 136 3575 qued
151 3524 205 3562 non
220 3519 261 3563 est
275 3512 356 3577 capit.
381 3513 498 3577 Ideoque
529 3513 600 3577 quod
631 3514 758 3576 opinatur
787 3512 888 3563 iutelli-

60 3583 250 3647 geredicilur.
282 3584 359 3644 Quod
388 3585 516 3649 quoniam
547 3598 635 3648 neque
663 3589 713 3645 est,
729 3598 818 3648 neque
840 3586 886 3634 ali-

59 3652 127 3719 quid
145 3657 195 3712 est,
211 3656 285 3707 nullo
311 3657 392 3706 modo
419 3661 518 3705 natura
543 3654 709 3705 est.ldeirco
736 3670 796 3705 cum
817 3654 886 3705 dilii-

58 3726 195 3777 nitionem
213 3731 316 3779 natura
347 3726 503 3791 incaepisset
532 3728 565 3776 ab
595 3727 748 3785 universali,
777 3728 886 3778 dicens:

60 3800 161 3848 natura
174 3803 214 3849 cst
229 3812 322 3850 earam
336 3813 499 3863 rerumquae
513 3800 650 3850 intellectu
676 3801 735 3864 capi
764 3806 888 3863 possunt,

59 3874 136 3921 reate
152 3872 329 3929 contrafleta,
355 3885 416 3936 qnae
444 3872 523 3921 etiam
548 3874 626 3933 (aient
651 3872 750 3921 dictam
778 3875 828 3933 eat)
850 3874 887 3922 in·

62 3941 177 3993 tellecta
193 3943 253 4007 capi
271 3947 392 4007 possunt,
420 3947 446 3993 et
475 3948 572 3993 natura
593 3957 647 3993 non
674 3948 746 4002 suut,
773 3944 886 4007 addidit,

62 4026 126 4079 qum
150 4026 212 4063 cum
242 4014 305 4065 sint.
336 4015 469 4073 Quoniam
499 4028 563 4064 vero
588 4016 634 4063 illa
653 4020 887 4079 quaesuntsaepe

943 3369 984 3417 vel
1001 3368 1307 3432 lingunturqaalitatam
1335 3383 1424 3418 veram
1449 3367 1492 3417 ael
1517 3367 1604 3417 fletum
1625 3365 1764 3416 dictionali

943 3439 1140 3501 significatione
1155 3454 1211 3489 sum
1226 3438 1347 3489 similiter
1360 3454 1431 3489 verae
1448 3439 1490 3489 vel
1508 3438 1576 3489 lictae
1604 3439 1763 3489 substantiae

943 3514 1054 3560 confert.
1070 3510 1142 3561 Nihil
1157 3524 1221 3561 rere
1239 3513 1272 3561 ab
1300 3525 1332 3561 ea
1359 3526 1419 3575 quas
1448 3524 1501 3561 non
1521 3508 1764 3565 estseraaedeet

943 3583 1177 3645 beausobrianae,
1206 3585 1356 3648 quamlibet
1383 3598 1471 3635 veram
1500 3584 1622 3634 fictamve
1643 3588 1764 3633 removet

943 3658 1109 3720 qualitatem.
1138 3656 1214 3715 osred
1242 3656 1315 3707 enim
1344 3656 1413 3706 nibil
1440 3655 1547 3714 dieitur,
1572 3654 1649 3704 nulla
1677 3668 1768 3718 neque

943 3729 1198 3791 vermneqaelictus
1228 3728 1379 3779 efficientiae
1407 3728 1537 3789 qualitate
1565 3725 1635 3777 allici
1663 3724 1769 3790 signill-

943 3805 1027 3850 catur.
1040 3800 1146 3849 Nullam
1161 3802 1232 3851 enim
1248 3800 1349 3860 lictum,
1365 3800 1391 3850 id
1408 3800 1480 3863 quad
1511 3797 1631 3862 lingitur,
1660 3803 1709 3847 est.
1725 3796 1770 3847 ld·

944 3872 1014 3921 eirco
1030 3872 1165 3921 reeteboe
1194 3871 1330 3921 infinitivo
1359 3871 1530 3933 abnegativo,
1559 3869 1632 3933 quod
1660 3872 1701 3918 est
1727 3869 1772 3918 ni·

943 3940 1086 4000 bil,atiam
1103 3943 1163 3992 licta
1192 3944 1308 4007 qualitas
1336 3944 1370 3993 ab
1396 3943 1516 4005 ejusdem
1537 3940 1658 3991 nominis
1677 3939 1771 3989 abesse

943 4014 1292 4075 substantiasignilicatur;
1308 4015 1380 4064 unde
1399 4014 1546 4079 supponit:
1575 4014 1668 4076 Neque
1698 4009 1770 4061 enim

61 4082 258 4147 imaginatione
285 4085 409 4143 contusa,
437 4100 508 4150 sape
546 4091 655 4151 propter
690 4086 887 4138 adminiculum
944 4084 1344 4149 aigatacaaboenamennthtl
1371 4086 1444 4150 quod
1468 4083 1623 4148 aliquid,id
1649 4082 1771 4132 eetaub·

58 4154 237 4221 proprietatis
263 4156 304 4207 rei
330 4158 416 4221 ipsius
444 4157 471 4207 in
498 4170 577 4221 qaam
605 4159 755 4209 intenditur
782 4162 888 4208 anianus
944 4158 1045 4207 stantia
1060 4156 1187 4213 nominis,
1204 4160 1238 4206 sit
1263 4157 1362 4221 aliquid
1390 4156 1510 4221 ejusdem
1536 4152 1654 4204 nominis
1682 4152 1768 4215 quali-

55 4228 189 4291 concipit,
204 4227 324 4291 qualiter
338 4229 418 4280 vellet
433 4230 527 4292 accipi,
543 4234 615 4293 quod
645 4231 820 4294 praemiserat,
843 4233 888 4281 in·
945 4235 1014 4287 tuter
1046 4228 1092 4279 sed
1119 4231 1209 4293 potins
1237 4227 1370 4293 signifieat
1399 4230 1577 4279 substantiam
1606 4238 1681 4275 suam
1711 4236 1767 4273 non

57 4298 167 4351 tellecta
193 4300 253 4363 capt
276 4304 399 4366 pessunt,
428 4302 592 4364 explanarit,
631 4302 739 4351 dicens:
768 4315 888 4368 quoquo·
944 4312 1002 4349 ease
1018 4300 1117 4363 aliquid
1147 4314 1180 4351 ea
1208 4314 1224 4352 s
1252 4313 1305 4363 qua
1331 4312 1431 4349 nomen
1460 4296 1654 4361 eatqualitale.
1675 4292 1768 4344 Omnis

57 4372 153 4429 modo,
167 4370 195 4423 id
210 4375 252 4422 eet
266 4372 321 4423 sive
336 4370 531 4437 imaginatione
547 4374 603 4422 aire
631 4386 680 4437 per
708 4373 792 4423 selam
812 4379 889 4425 easte-
944 4382 1017 4427 vero.
1039 4374 1090 4420 ele·
1111 4371 1209 4429 Quasi:
1238 4372 1295 4420 Hoc
1325 4384 1424 4420 nomen
1455 4368 1524 4419 nihil
1551 4365 1683 4431 significat
1710 4377 1768 4415 ⁰⁰¹²

57 4458 155 4497 rorum
183 4444 361 4496 remotionem
389 4446 491 4512 absque
530 4445 703 4510 proprietatis
739 4445 777 4495 rei
806 4446 891 4511 ipsius
945 4456 1014 4499 esse,
1038 4443 1127 4493 omnis
1154 4456 1218 4493 rere
1246 4447 1344 4493 natura
1373 4446 1424 4493 est.
1463 4442 1578 4491 Deberei
1605 4436 1766 4490 concludere

57 4518 494 4585 qurecogitaturconceptu,sire
523 4518 575 4567 lixo
605 4521 631 4567 et
659 4518 739 4567 etiam
768 4530 815 4577 1=er
829 4533 891 4583 pro·
945 4512 1128 4577 syllogismum
1144 4514 1192 4563 ita.
1208 4513 1267 4564 Non
1284 4519 1405 4577 asterga
1421 4510 1606 4576 naturaquod
1633 4522 1682 4574 pro
1703 4506 1767 4558 sub·

56 4589 184 4655 prietatis
211 4593 370 4653 conceptum
400 4591 508 4653 integro
537 4589 709 4654 perlectoque
741 4590 890 4643 intellectu.
944 4582 1189 4649 fllanlissigniflcat
1218 4586 1294 4635 nihil.
1320 4584 1371 4635 Sed
1398 4584 1526 4648 quoniam
1555 4581 1599 4631 bis
1622 4579 1769 4646 quredlets

56 4658 141 4721 cuod
156 4663 182 4711 et
196 4660 255 4726 ipse
271 4673 422 4725 exponens,
437 4661 491 4712 ait:
519 4661 646 4711 Additum
677 4676 740 4712 vero
769 4666 888 4726 eatque·
943 4663 1007 4707 snat
1021 4659 1177 4721 praemissis,
1203 4662 1243 4708 est
1271 4659 1328 4710 baec
1356 4662 1429 4708 certa
1457 4657 1604 4713 conclusio,
1633 4656 1711 4705 tacet.
1735 4651 1768 4703 Et

57 4733 210 4799 quomodo.
238 4732 349 4791 Quare?
373 4732 507 4791 Quoniam
535 4733 606 4782 liena
647 4732 801 4783 nativorum
835 4750 889 4785 om·
943 4732 1028 4782 stede
1057 4732 1186 4783 omnibus
1209 4733 1319 4797 quidem
1346 4734 1437 4793 rebar,
1452 4732 1478 4781 id
1506 4734 1547 4781 eat
1569 4728 1726 4780 substantiis
1741 4732 1768 4777 at

60 4804 142 4855 nium
167 4804 270 4869 opilex,
300 4809 327 4855 st
353 4802 535 4867 primordialia
558 4804 679 4864 materia,
709 4820 769 4869 qnae
796 4806 887 4857 Graece
942 4802 1136 4866 euidentibus,
1152 4808 1178 4854 et
1206 4803 1287 4853 etiam
1316 4804 1349 4853 de
1377 4804 1431 4854 lieo
1452 4806 1480 4853 el
1500 4801 1621 4859 materia,
1639 4803 1765 4850 naturam

59 4874 346 4935 diettaroiqaaane
376 4875 455 4939 silva,
471 4878 498 4925 in
513 4890 567 4940 qua
581 4878 615 4925 ab
635 4878 729 4939 opifice
761 4879 888 4929 universa
942 4874 995 4924 diei
1014 4876 1107 4939 placet,
1124 4876 1180 4925 baec
1206 4878 1241 4926 eit
1268 4880 1372 4927 naturas
1401 4874 1529 4926 dilituitio
1547 4871 1765 4937 qaamridelicet

60 4947 514 5013 ereatadieuntplsilosopbi,non
544 4953 657 5013 pessunt
680 4949 795 5013 intelligi
823 4952 888 5001 iate-
942 4946 1066 5009 superins
1094 4949 1295 5010 proposuimus.
1321 4948 1368 4997 Sin
1396 4960 1461 4997 vern
1495 4950 1576 5011 prom
1602 4943 1764 5007 quibusdam

57 5020 312 5087 gropsrtectoqas,
331 5019 439 5072 boeest
462 5022 613 5083 integritate
636 5019 755 5083 perlecto
777 5026 804 5072 et
826 5036 886 5085 per·
940 5020 1029 5070 visam
1045 5025 1092 5077 est,
1109 5034 1163 5069 noa
1179 5021 1213 5070 de
1226 5023 1351 5071 omnibus
1365 5022 1456 5079 rebus,
1472 5022 1519 5071 sed
1549 5020 1582 5069 de
1610 5019 1674 5068 sotis
1703 5016 1765 5066 anb-

57 5090 302 5156 ieetieneintegro
330 5092 479 5144 intellectu.
510 5094 614 5155 integer
641 5097 668 5144 et
697 5092 888 5157 perlaetaaest
942 5095 1045 5144 atrrntiis
1086 5094 1304 5150 subsistentibua,
1349 5091 1469 5157 intellige
1505 5098 1613 5149 natura,
1654 5089 1761 5150 dicitur,

57 5163 228 5219 intellectus,
239 5165 286 5227 qui
301 5178 356 5215 rem
377 5179 430 5216 non
459 5164 517 5215 sola
542 5170 699 5215 caeterorum
728 5167 886 5225 remotione,
941 5168 1349 5229 quoniamomaessubatuatiur
1377 5164 1565 5228 subsistentes«,
1593 5165 1640 5213 aut
1665 5174 1762 5222 corpo·

58 5236 113 5289 scd
129 5236 208 5285 etiam
224 5235 262 5287 rei
289 5236 374 5301 ipsius
401 5235 492 5302 aliqaa
518 5237 682 5301 proprietate
707 5252 768 5288 cum
793 5252 885 5287 aaaea·
940 5243 1079 5295 reserant,
1097 5245 1143 5287 aut
1160 5239 1333 5301 incorporare,
1358 5239 1481 5288 dabimus
1501 5234 1691 5285 dillluitionem
1713 5244 1763 5281 na-

60 5306 283 5371 aioncconeipit.
313 5308 434 5366 Qualiter
458 5308 530 5358 Dans
560 5314 587 5359 et
610 5322 671 5372 qaae
690 5309 759 5359 dicta
776 5311 886 5373 estpri·
940 5316 1006 5358 tarsa
1035 5310 1212 5373 significantia
1239 5312 1411 5365 clibanarios,
1438 5312 1464 5357 id
1493 5313 1533 5358 est
1560 5303 1709 5355 secuudum
1733 5302 1761 5351 il·

59 5378 204 5433 mordialis
228 5381 342 5431 materia
365 5392 420 5430 nun
453 5386 567 5446 possunt
609 5380 729 5443 intelligi.
758 5381 887 5439 Quamvis
940 5380 992 5429 lam
1018 5382 1239 5439 alguidi-ationem
1268 5382 1349 5445 bajus
1374 5382 1490 5430 nominis
1520 5392 1573 5443 qaa
1606 5388 1648 5425 res
1676 5371 1762 5422 subsi-

60 5450 246 5505 enimnoram
259 5452 465 5515 conceptionem
493 5454 641 5504 constituat
667 5458 694 5503 et
721 5454 784 5517 ligat
813 5468 887 5504 naen·
939 5454 1205 5516 ateatesalgaibrure
1225 5453 1334 5504 dieitur.
1359 5456 1423 5513 Qum
1451 5452 1577 5501 ‹tiillartio
1601 5452 1640 5499 eat
1664 5448 1761 5524 hujus·-

56 5522 244 5581 lisassensie,
267 5527 357 5576 tamen
387 5536 442 5575 non
471 5523 522 5574 boc
549 5525 685 5590 aliquibus
712 5538 805 5575 eorum
834 5525 885 5575 sibi
939 5523 1030 5575 morti:
1060 5524 1161 5575 Natura
1186 5530 1234 5581 eat,
1263 5527 1305 5575 vet
1331 5528 1403 5591 qaod
1434 5524 1521 5575 lacere
1548 5520 1591 5571 rel
1613 5518 1757 5583 qaodpaa

55 5595 444 5659 notisproprirtatibastscit,
460 5596 508 5646 aed
527 5595 583 5646 sola
611 5596 718 5646 illorum
743 5608 804 5659 quas
832 5610 885 5646 eas·
937 5596 1030 5659 possit.
1046 5596 1289 5660 Haeecoajunetin,
1311 5598 1363 5651 vel.
1389 5595 1440 5646 boc
1464 5595 1521 5645 loeo
1545 5588 1760 5656 subdiaJunctira

55 5664 224 5721 terisrrbns
249 5666 418 5719 conveniunt
442 5665 603 5719 remotione.
632 5668 709 5720 Unde
733 5668 884 5733 supponit:
936 5667 1024 5731 posita
1053 5670 1117 5719 est:
1148 5672 1293 5733 utrumque
1321 5669 1392 5719 enim
1414 5666 1565 5733 significan
1595 5664 1668 5715 unda
1695 5673 1760 5728 sup·

54 5736 115 5797 flsd
131 5736 233 5805 aitque.
260 5736 363 5799 Quasis
391 5740 463 5793 Deus
494 5744 521 5791 st
546 5740 660 5792 materia
678 5740 784 5805 integro
797 5740 884 5804 peste·
936 5738 1033 5803 penit:
