3892 6126
111 194 180 249 {303

565 190 601 245 lli
620 188 755 246 LIBRUM
774 188 821 244 DE
840 181 990 243 PRAEDIG.
1011 182 1121 243 Tuluu
1139 186 1380 245 Pausouauult

1756 196 1822 251 lant

108 314 142 365 de
156 316 216 379 ipso
231 326 393 379 quacunque
407 313 513 364 ratione
528 313 718 377 predicantur.
747 310 847 362 Scribit
873 308 944 359 idem
959 306 986 376 Α
1002 321 1055 357 non
1071 310 1140 359 sallo
1157 310 1247 369 tidem,
1262 310 1308 361 sed
1325 309 1393 361 fides
1407 310 1532 376 sequitur
1546 313 1692 365 rationem.
1706 314 1739 367 Et
1760 331 1824 383 qao·

112 385 336 437 Boetiuslaanni
365 386 488 435 Romana
510 386 624 435 diacono
650 384 683 433 de
705 385 759 433 illia
783 382 941 447 specialiter,

111 457 343 523 quasnominibus
371 459 422 516 bis,
452 458 536 514 Pater,
563 457 657 517 Filius,
682 456 796 520 Spiritus
823 458 942 515 sanctus,

113 531 306 597 predicantur.
320 530 442 580 Ostendit
456 534 545 579 aulem
561 528 605 578 illa
627 536 654 578 et
679 530 712 578 de
737 527 851 577 diversis
874 538 944 589 pras·

114 602 208 662 dicari,
221 606 248 652 et
262 616 320 651 essa
337 601 445 652 diversa
468 614 522 651 uon
547 601 628 651 modo
652 614 667 650 a
692 614 720 650 ss
743 599 869 659 invicem,
897 612 943 647 ve·

115 688 175 725 rum
189 674 269 722 ctiam
285 674 319 722 ab
334 673 462 729 essentia,
490 686 550 735 quas
572 670 684 721 diversis
709 668 866 721 nominibus
890 680 944 717 una

115 747 148 796 de
163 744 264 795 eisdem
279 744 386 802 dicitur,
403 744 548 808 dequibus
565 748 592 793 et
607 744 653 793 illa
666 744 771 793 diversa
795 742 869 791 salva
897 737 942 789 Dei

115 816 282 879 simpliciteta
311 816 446 866 dicuntur.
471 816 598 875 Quamvis
634 820 723 865 cirtem
752 814 810 863 bmc
837 812 945 881 diversi3

115 892 299 947 tas,autnon
317 902 395 950 posse
417 888 534 951 penitus,
563 891 609 937 aut
629 888 673 936 vix
698 900 776 949 posse
804 885 943 933 ιιιοιιιιιιιι1

115 959 248 1015 videatur,
284 963 371 1008 tamen
400 960 465 1023 quia
494 958 659 1007 naturalium
685 957 758 1019 leges
795 954 944 1017 theologica

115 1030 265 1094 speculatio
281 1045 335 1081 nou
352 1033 464 1081 omniuo
479 1030 606 1090 admittit,
629 1035 686 1079 tum
708 1028 781 1092 quia,
805 1028 874 1076 sicut
902 1025 943 1074 di·

115 1102 294 1159 clamastis
319 1102 433 1165 simplici
459 1104 512 1151 Deo
541 1114 640 1151 nomen
665 1100 809 1163 cujuslibet
836 1097 944 1147 dirersi-

112 1172 185 1231 tatis,
216 1187 290 1223 error
323 1173 498 1236 parvulorum
527 1173 666 1227 abhorret,
692 1185 747 1220 non
771 1177 861 1219 tamea
885 1181 944 1217 eam

113 1245 223 1294 sicutin
249 1258 277 1294 re
302 1248 414 1308 propter
438 1244 625 1293 dilllcultatcm
652 1242 767 1292 obscura
791 1244 818 1290 et
835 1243 945 1303 propter

113 1316 305 1368 obscuritatem
329 1316 428 1367 difficili
458 1316 513 1365 lieri
540 1316 616 1373 solet,
643 1316 733 1364 multis
757 1312 799 1363 vcl
822 1312 944 1376 probata-

114 1389 383 1449 rumscripturarurn
410 1386 573 1437 testimoniis
598 1386 752 1450 persuadet,
784 1384 826 1433 vel
853 1396 946 1433 neces·

115 1459 246 1510 seriarum
278 1458 467 1509 inventionum
507 1456 726 1507 connexionibus
762 1455 868 1519 probat,
903 1440 945 1503 vel

117 1546 212 1582 eorum
230 1545 290 1594 quea
304 1529 466 1587 incidenter,
481 1533 508 1579 st
520 1528 596 1592 quasi
613 1542 628 1577 a
650 1528 732 1577 latere
757 1526 945 1589 disputationis

117 1615 253 1665 emergere
269 1606 380 1665 possent
405 1598 622 1663 amplificatione,
648 1598 790 1662 explanat,
819 1597 865 1646 sed
880 1597 945 1661 quia

998 392 1060 429 nam
1077 379 1104 428 in
1121 380 1316 444 temporalibus
1331 381 1399 431 nibil
1412 386 1453 432 est
1477 384 1552 448 quod
1577 384 1750 437 mutabilitati
1772 402 1824 441 nan

996 455 1033 501 ιιι
1059 453 1216 515 obnoxium,
1245 458 1301 505 tota
1327 454 1434 505 illorum
1460 458 1655 507 consuetudini
1684 472 1824 513 sacomam-

998 523 1062 574 dats
1076 526 1224 574 necessitas
1237 532 1323 576 nutat.
1339 525 1405 575 Nam
1418 527 1445 576 in
1472 528 1512 577 sis
1537 528 1677 593 quidquid
1702 533 1824 593 praedica·

997 598 1042 643 tur
1069 597 1263 655 necessarium,
1295 596 1335 646 vel
1362 610 1431 655 esse,
1462 599 1504 648 vel
1533 612 1592 649 non
1619 614 1683 651 esse
1713 604 1825 667 quodam

998 666 1088 723 modo,
1121 680 1170 716 uec
1199 680 1268 725 esse,
1298 681 1347 718 nec
1376 682 1432 718 nan
1458 684 1517 720 essa
1546 684 1672 722 necesse.
1687 673 1826 725 Noueninv

998 736 1119 786 absolute
1147 738 1329 787 necessarium
1358 744 1409 802 est,
1446 738 1490 790 cui
1527 754 1630 791 nomen
1663 745 1827 795 necessitatis

999 808 1055 858 sola
1083 812 1250 860 consuetudo
1277 816 1445 863 accomodat.
1486 813 1515 862 ln
1552 814 1718 876 theologicis
1744 822 1825 867 autem

999 880 1044 929 ubi
1062 882 1169 929 estveri
1195 882 1312 931 uonrinis
1338 888 1419 946 utque
1443 884 1569 933 absoluta
1591 886 1754 943 necessitas,
1778 902 1827 937 non

999 951 1066 1000 ratio
1081 952 1169 1013 bilem,
1186 954 1231 1001 sed
1247 952 1314 1003 fides
1328 955 1462 1016 praevenit
1477 955 1623 1007 rationem.
1640 957 1673 1007 ln
1698 958 1741 1008 bis
1761 960 1826 1009 eninr

999 1038 1054 1072 non
1070 1033 1261 1089 cognoscentes
1285 1028 1429 1085 credimus,
1455 1030 1501 1078 sed
1526 1030 1675 1080 credentes
1694 1032 1827 1095 cognosci·

999 1099 1147 1147 maelium
1163 1100 1414 1161 ubsqueratiooum
1440 1099 1581 1165 principiis
1605 1100 1678 1151 fides
1705 1101 1825 1166 concipit,

999 1180 1054 1217 non
1072 1170 1152 1219 modo
1167 1170 1212 1219 illa
1226 1172 1324 1233 qulbus
1350 1170 1533 1235 intelligendis
1557 1174 1692 1224 humanm
1716 1176 1826 1225 rationes

999 1242 1173 1304 suppeditare
1202 1256 1257 1293 nou
1283 1251 1405 1307 possunt,
1432 1258 1527 1295 verum
1556 1245 1642 1295 etiam
1668 1245 1715 1297 illa
1735 1245 1827 1311 quibas

999 1312 1065 1375 ipsae
1090 1318 1205 1376 possunt
1229 1328 1289 1364 asse
1311 1314 1452 1378 principia.
1483 1316 1602 1380 Spiritus
1626 1317 1705 1368 enim
1730 1322 1777 1383 qui
1797 1332 1826 1369 sa

998 1384 1054 1433 Deo
1068 1388 1109 1435 est
1132 1385 1178 1435 dat
1201 1385 1273 1435 hanc
1293 1386 1345 1448 ipsi
1371 1386 1433 1436 ddci
1456 1402 1512 1451 pree
1536 1388 1695 1439 rationibus
1720 1388 1826 1453 dignita

998 1458 1064 1515 tem,
1087 1462 1114 1504 et
1139 1458 1167 1506 in
1193 1456 1361 1521 theologicls,
1386 1462 1414 1508 et
1448 1458 1528 1509 etlam
1552 1460 1578 1509 ia
1606 1460 1651 1509 bis
1671 1473 1736 1525 quae
1762 1460 1826 1511 inira

998 1525 1147 1589 theologica
1173 1531 1246 1584 suut,
1278 1528 1448 1577 naturalibus
1481 1528 1593 1587 scilicet,
1621 1536 1650 1579 ct
1678 1530 1827 1595 hujusmodi

999 1596 1059 1646 aliis
1073 1610 1187 1661 quorum
1203 1598 1353 1649 rationibus
1368 1600 1590 1663 pbilosophorum
1610 1600 1695 1653 fldem
1725 1601 1827 1666 spiritus

116 1688 168 1725 nec
182 1672 340 1733 malevolus,
357 1672 514 1722 nectardus
529 1674 570 1721 est
596 1684 670 1729 suus,
692 1671 734 1719 cui
758 1668 875 1733 scripsit,
896 1682 945 1718 au·
959 1669 1185 1746 Bbujusmundi
1201 1670 1351 1734 supposuit.
1367 1669 1518 1722 Nemetis
1546 1672 1726 1724 naturalibus
1758 1678 1786 1725 et
1802 1676 1827 1725 in

117 1746 197 1799 ditor,
213 1742 268 1793 sola
284 1743 394 1807 propria
417 1743 630 1807 unumquodque
656 1741 819 1805 praedicandi
840 1740 944 1789 ratione
997 1741 1065 1801 anis,
1091 1755 1197 1791 onmem
1221 1740 1352 1793 rationein
1375 1743 1556 1806 spiritualium
1582 1744 1655 1796 tides
1683 1746 1826 1803 antevenit,

117 1815 293 1865 demonstrat.
311 1812 385 1863 lllius
399 1813 473 1863 enisu
487 1815 639 1876 proprietas
654 1811 862 1875 predicationis,
891 1825 944 1875 qua

117 1883 149 1934 de
175 1898 230 1949 quo
253 1898 335 1933 unum
375 1884 538 1947 preadicatur
567 1883 673 1940 horum,
703 1881 775 1931 aliud
805 1879 944 1943 praedicari

116 1967 171 2003 non
183 1958 281 2017 potest,
296 1952 361 2004 satis
376 1958 501 2017 patenter
523 1952 660 2001 detendit:
689 1964 743 2000 nou
768 1950 847 1999 niodo
875 1951 945 1999 inter

116 2039 154 2088 aa,
171 2040 264 2077 verum
280 2025 362 2077 etiarn
378 2027 411 2075 ab
425 2025 552 2076 omnibus
567 2024 621 2075 illia
638 2038 698 2088 quse
716 2024 748 2073 ds
764 2024 945 2074 illarumsub-

116 2098 225 2149 stantiis
239 2098 421 2149 communiter
435 2096 570 2155 dicuutur,
589 2102 615 2147 et
638 2098 670 2146 ab
687 2110 718 2146 eo
735 2098 857 2151 maxime,
872 2096 944 2159 quod

118 2184 201 2221 unum
232 2172 266 2221 de
296 2170 381 2221 tribus
418 2171 510 2219 multis
545 2169 700 2217 nominibus
735 2168 946 2217 substantialiter

119 2244 296 2307 praedicatur,
313 2243 371 2293 hacc
386 2256 443 2291 essa
458 2241 574 2291 diversa.
594 2240 640 2289 Est
664 2244 753 2287 autem
778 2240 835 2289 baec
860 2240 946 2289 diver-

117 2315 185 2364 sitas
199 2328 252 2364 non
268 2314 348 2364 modo
365 2326 487 2369 numera,
503 2325 557 2376 quo
582 2309 684 2361 scilicet
707 2311 759 2359 boc
782 2314 823 2359 cst
850 2323 945 2363 unrrm·

117 2385 256 2449 quodlibet
271 2399 335 2435 vero
363 2383 429 2434 illud
454 2384 526 2432 aliud
550 2388 591 2433 est
620 2396 713 2440 unum,
742 2395 835 2431 verum
864 2382 944 2432 etiam

120 2460 216 2506 natura
239 2456 356 2519 generis,
387 2458 414 2504 et
443 2454 502 2504 loeo
530 2454 651 2503 rationis.
680 2452 730 2502 Sed
760 2452 793 2501 de
820 2452 944 2511 naturali,

119 2531 202 2591 atque
218 2542 249 2578 ea
263 2540 325 2592 ques
337 2527 488 2577 secundum
504 2537 591 2589 genus
607 2529 657 2581 est,
680 2524 834 2573 diversitate
866 2524 946 2575 moda

119 2597 221 2656 tacens,
237 2612 295 2648 eam
311 2612 371 2662 quse
387 2596 536 2647 secundum
550 2594 684 2645 rationem
699 2597 741 2643 est
763 2594 838 2658 prius
866 2597 946 2645 vesti·

119 2673 172 2735 gat,
201 2670 271 2719 circs
297 2669 376 2719 linem
405 2668 474 2718 illam
505 2682 566 2731 quas
594 2667 745 2717 secundum
773 2680 859 2730 gersus
895 2673 945 2725 est,

119 2742 410 2805 quamnumeralisea
439 2740 599 2790 necessitate
625 2739 758 2802 sequitur,
786 2752 947 2790 commemo.

998 1816 1029 1862 ut
1043 1813 1093 1863 lide
1109 1815 1194 1877 inagis
1207 1813 1363 1877 priusquam
1389 1815 1494 1865 ratione
1517 1818 1610 1865 omnis
1634 1815 1772 1882 judicent
1794 1819 1826 1869 ιι

999 1899 1046 1947 per
1059 1885 1118 1942 boc,
1136 1899 1188 1935 non
1204 1887 1285 1936 modo
1300 1884 1522 1948 theologicarum,
1540 1888 1590 1937 sed
1606 1890 1692 1939 etiarn
1713 1890 1825 1940 omniun

999 1971 1088 2006 rerum
1113 1957 1356 2021 intelligendarum,
1379 1958 1509 2010 catholica
1542 1960 1612 2011 tides
1637 1968 1714 2011 recte
1738 1964 1827 2013 dicitur

999 2041 1058 2077 essa
1073 2028 1225 2091 exordium,
1248 2028 1305 2077 sive
1331 2029 1404 2079 nulla
1425 2029 1622 2082 incertitudine
1649 2038 1762 2091 nutans,
1786 2034 1826 2085 ssd

999 2100 1079 2149 etiam
1092 2100 1125 2150 de
1140 2102 1222 2150 rebus
1237 2100 1411 2151 mutabilibus
1425 2101 1605 2153 certissimum
1633 2110 1719 2169 atque
1740 2104 1826 2155 druria·

999 2168 1097 2219 simum
1113 2171 1330 2221 tundamentum.
1346 2172 1387 2222 Ab
1404 2172 1455 2222 lsoc
1470 2187 1534 2237 ergo
1558 2175 1676 2225 exordio
1701 2190 1751 2225 seu
1774 2176 1826 2227 lua·

1000 2240 1126 2293 dumento
1141 2242 1275 2305 praedictas
1289 2243 1432 2306 indaginis,
1446 2244 1515 2293 viam
1530 2244 1679 2303 inchoans,
1695 2248 1758 2299 ait:

1030 2310 1060 2360 Si
1080 2314 1163 2376 ipitar
1183 2315 1346 2376 r'ntsrropem,
1373 2314 1435 2381 etc]
1468 2314 1600 2373 Orrmsisit
1628 2330 1665 2367 aa
1689 2316 1780 2375 Pater.
1804 2322 1827 2371 at

1001 2384 1092 2445 Filius,
1110 2392 1135 2435 st
1150 2386 1264 2450 Spiritus
1279 2390 1389 2436 sanctus
1403 2388 1436 2437 de
1455 2387 1496 2437 bis
1512 2389 1547 2439 de
1563 2390 1670 2453 quibus
1699 2391 1828 2451 dicuntur,

1001 2458 1215 2509 substantialiter
1229 2459 1419 2522 predicentur,
1437 2472 1471 2509 an
1494 2474 1550 2525 quo
1577 2461 1634 2511 alio
1654 2462 1750 2513 modo.
1771 2465 1828 2524 oss

1001 2530 1180 2595 questionae
1197 2529 1376 2593 estsimplea,
1401 2530 1446 2581 sed
1472 2545 1503 2581 ex
1530 2532 1648 2582 diversis
1677 2536 1828 2597 quaestioni·

1001 2603 1051 2652 bus
1078 2601 1181 2665 iuncta.
1197 2600 1245 2650 His
1263 2599 1335 2651 euim
1357 2602 1446 2652 verbis
1477 2604 1510 2653 da
1533 2604 1624 2654 tribus
1651 2605 1710 2656 illis
1733 2608 1829 2659 diversa

1001 2673 1130 2737 quesisse
1144 2671 1306 2735 intelligitur
1321 2686 1327 2721 :
1345 2674 1468 2736 primum,
1483 2687 1518 2724 an
1541 2674 1774 2737 substantialiter,
1798 2694 1828 2729 ss

1001 2758 1056 2795 non
1073 2744 1293 2801 substantialiter,
1309 2745 1498 2809 praedicentur,
1514 2746 1563 2797 sed
1580 2748 1635 2799 alio
1658 2750 1829 2815 modoquest

118 2813 474 2876 returnslgiturtanquam
499 2812 528 2859 iu
555 2809 736 2873 sophistarum
765 2822 856 2871 scena,
885 2824 946 2861 vars

1001 2814 1221 2866 substantialiter.
1236 2815 1358 2880 lienique
1376 2830 1430 2880 quo
1446 2816 1508 2867 alio.
1535 2817 1589 2868 Sed
1615 2820 1731 2871 videtur
1751 2824 1829 2887 prima

119 2884 208 2933 dubiis
222 2885 351 2934 indubius
366 2884 424 2946 ipse
442 2896 500 2932 sess
515 2882 696 2937 conlormaus,
713 2882 767 2930 ait:

1001 2901 1121 2953 querere
1137 2886 1320 2945 debuisss,an
1338 2887 1526 2951 predicentur.
1552 2904 1589 2940 an
1616 2904 1687 2941 non.
1713 2893 1830 2953 Quodsi

150 2956 380 3017 Oueroursl’cter
398 2958 422 3005 et
436 2954 507 3018 filias
523 2957 550 3003 et
566 2952 683 3017 Spiritus
708 2953 832 3020 carretae]
848 2953 881 3013 ,ιιι
905 2959 945 3004 ιιι
1000 2956 1215 3021 rectequrcsisas
1232 2963 1332 3022 recesst,
1354 2961 1482 3023 quoniam
1504 2960 1632 3011 amnium
1656 2978 1752 3015 rerum
1778 2964 1829 3015 alie

118 3027 215 3078 borum
232 3029 371 3078 nominum
396 3026 443 3076 illa
467 3026 623 3090 significata,
642 3039 703 3089 quas
730 3026 842 3075 diversis
865 3028 1193 3109 ratio-Cprssdicautur,
1223 3029 1282 3078 alies
1315 3041 1370 3079 non
1402 3030 1598 3092 predicantur.
1626 3034 1711 3093 Quod
1737 3036 1829 3087 sinan

118 3100 200 3151 nibus
228 3101 394 3163 grammatici
423 3098 576 3162 qualitates,
614 3096 746 3147 dialectici
788 3100 945 3162 categorias,
1004 3100 1143 3165 predicari
1158 3104 1303 3162 constaret,
1328 3099 1395 3151 nibil
1414 3101 1593 3165 querendum
1622 3104 1829 3171 relinqueretur.

121 3170 460 3235 booestpvaedicsmeata,
486 3173 592 3225 voeaut,
618 3169 798 3233 pras-licentur
826 3172 953 3221 substan·
1005 3174 1032 3222 Si
1050 3185 1112 3221 vero
1126 3176 1263 3222 constaret
1294 3171 1441 3235 predicari,
1465 3176 1535 3223 recte
1554 3182 1700 3237 quaereret
1722 3190 1830 3241 quomo·

121 3242 232 3300 tialiter,
249 3244 274 3291 id
290 3248 341 3299 est,
356 3242 482 3305 anjuxta
495 3242 695 3304 proportionem
720 3255 812 3291 eorum
837 3254 899 3305 quaa
922 3242 952 3293 iu
1004 3245 1039 3295 do
1054 3243 1274 3308 praedicarentur,
1287 3244 1387 3293 scilicet
1401 3258 1435 3294 an
1463 3245 1696 3312 substantialiter,
1719 3264 1754 3301 ιιι
1782 3251 1828 3301 alia

122 3315 293 3365 naturalibus
307 3320 439 3364 vocantur
452 3327 511 3363 esse
523 3312 739 3373 subsistentium,
771 3314 953 3378 predicentur
1004 3318 1095 3368 modo.
1124 3317 1156 3367 Et
1184 3318 1206 3366 si
1241 3331 1295 3367 nors
1332 3316 1552 3379 substantialiter,
1588 3320 1637 3370 sed
1666 3321 1762 3385 potins
1782 3322 1830 3374 alia

119 3385 153 3436 de
170 3387 301 3442 Div²nate,
319 3386 401 3435 idest
425 3385 458 3434 de
482 3384 535 3434 illis
558 3385 615 3448 qui,
641 3385 768 3448 quoniam
792 3385 849 3435 sola
879 3387 951 3437 llivi·
1003 3388 1093 3442 morlo,
1109 3392 1220 3439 restaret
1230 3388 1408 3452 querendum
1422 3401 1476 3452 quo
1499 3388 1562 3439 alio.
1588 3390 1652 3455 lpse
1679 3406 1758 3453 vero,
1774 3407 1831 3457 pre·

121 3456 206 3506 nitate
221 3461 286 3506 sunt
300 3456 326 3505 id
343 3458 413 3519 quod
430 3459 502 3516 sunt,
516 3468 570 3504 nou
583 3456 753 3512 modolteus,
765 3456 950 3507 verumetiam
1004 3460 1231 3524 termiasaprima
1248 3462 1452 3524 quaestionem
1475 3460 1546 3526 quod
1572 3464 1712 3517 omnibus
1738 3472 1830 3519 ιιιιιιι

122 3526 257 3577 Divinitas
272 3527 451 3592 appellantur,
478 3540 512 3577 an
538 3541 593 3577 non
618 3528 831 3579 substantialiter
856 3530 952 3593 praedi·
1004 3540 1045 3586 est
1068 3534 1113 3583 illa
1138 3547 1153 3582 a
1183 3532 1283 3596 quibus
1310 3533 1380 3582 trina
1410 3532 1505 3583 barum
1527 3535 1830 3603 nominumappallstis

121 3601 264 3650 santurde
282 3614 314 3650 ea
335 3600 403 3650 :sed
428 3600 480 3650 alic
505 3601 594 3649 modo.
621 3598 701 3649 llddit
723 3600 853 3662 quolibet,
884 3617 951 3667 (ιιι-
1003 3603 1363 3670 cstprasdicari,secandam
1379 3603 1574 3655 actartismin
1600 3620 1660 3657 nna
1687 3610 1829 3673 conjungit.

124 3672 196 3721 niam
212 3673 239 3721 iu
256 3671 577 3736 naturalibua,aquibus
604 3673 636 3721 ad
662 3671 839 3735 theologicam
861 3674 952 3739 liujus·
1002 3678 1053 3729 Sed
1069 3676 1097 3727 iu
1122 3674 1295 3738 indagatione
1318 3688 1371 3739 qua
1394 3678 1571 3739 utrarumque
1595 3677 1708 3731 decutit
1732 3678 1829 3731 dubita·

123 3744 195 3793 modi
211 3745 356 3794 verborum
370 3758 401 3793 ex
418 3743 532 3808 alicujus
544 3744 656 3793 rationis
670 3745 845 3807 proportione
862 3750 951 3799 traus-
1002 3751 1171 3807 tionem,eas
1200 3744 1319 3796 dividit:
1350 3750 1376 3795 at
1403 3746 1527 3809 primum,
1556 3748 1624 3812 quid
1655 3750 1693 3801 da
1715 3751 1760 3803 illa
1779 3766 1828 3817 qas

122 3814 331 3874 latusestuaus,
365 3828 419 3866 non
451 3829 522 3865 unus
550 3816 624 3865 solcas
650 3816 882 3879 predicandorum
910 3815 951 3869 cst
1002 3822 1132 3885 praecitur
1158 3830 1193 3867 en
1228 3816 1448 3874 substantialiter,
1471 3831 1505 3867 ⁸¹²
1531 3832 1589 3869 11⁰ss
1614 3821 1828 3873 substantialitas

121 3886 226 3935 modus.
242 3886 309 3937 Num
327 3886 434 3937 illorum
450 3887 533 3937 etism
550 3901 610 3952 quse
634 3901 689 3938 non
713 3892 776 3938 aurit
799 3889 948 3953 aliquorum
1002 3886 1366 3956 praedicenturaentiandum
1385 3884 1429 3947 sit,
1448 3888 1535 3951 aperit
1558 3901 1592 3939 ea
1620 3891 1825 3945 ratiocinatione

121 3970 190 4014 asse,
212 3959 334 4022 quasdam
363 3958 511 4008 secundum
539 3973 578 4017 aa,
606 3958 632 4008 id
655 3963 705 4020 cst,
730 3974 784 4009 non
815 3963 951 4027 exaliqua
1001 3980 1081 4031 qaam
1096 3963 1188 4014 Cicero
1212 3959 1362 4023 simplicem
1388 3961 1592 4013 conclusionem
1616 3966 1825 4032 appellatque

120 4026 486 4089 collationeintelliguntur:
519 4035 548 4079 ut
568 4028 659 4079 album
687 4029 787 4079 nullius
811 4032 949 4086 collatione
1001 4030 1422 4100 erauujusmoutzuutdqaidde
1445 4033 1499 4083 lica
1523 4034 1747 4091 substantialiter
1765 4054 1824 4105 pra·

118 4098 947 4165 dicituralbum3aliascrosicprw·li··outur,quodaarum
1000 4109 1112 4167 dicatur,
1146 4106 1172 4155 id
1197 4108 1223 4154 et
1247 4104 1280 4153 dc
1308 4103 1394 4162 Patre,
1419 4108 1447 4153 ct
1468 4105 1502 4155 de
1525 4104 1606 4165 Filio,
1628 4114 1659 4159 et
1684 4110 1719 4161 de
1733 4110 1824 4175 Spiritu

118 4170 359 4235 praedicationeea
377 4173 410 4222 de
442 4170 540 4235 quibus
565 4174 754 4225 rrcedicavtur.
778 4173 836 4221 aliis
861 4176 948 4226 caule.
1000 4186 1102 4237 ιιιιιο,
1118 4182 1144 4227 ιι
1158 4173 1265 4226 divisim
1279 4174 1314 4223 ds
1330 4174 1458 4238 quolibet,
1491 4177 1619 4229 atsimul
1647 4181 1685 4233 dc
1707 4184 1824 4233 omnibns

117 4248 238 4293 suatur:
257 4246 287 4292 ut
301 4244 388 4302 locus,
402 4256 457 4306 quo
472 4244 573 4307 aliquid
600 4246 697 4291 riccila-r
716 4258 775 4294 csse
800 4246 892 4304 ultra:
921 4251 948 4299 et
1001 4250 1106 4300 dicitur.
1123 4245 1665 4311 Nullumautemborumaquibustres
1687 4254 1742 4305 illas
1766 4260 1823 4304 snat

119 4314 608 4378 tempus,quodiciturbodiernum;
636 4328 662 4363 ct
685 4316 800 4375 babitus,
827 4330 881 4379 quo
911 4320 948 4368 di·
1000 4321 1201 4383 appellationes,
1216 4318 1319 4367 scillcet
1335 4315 1424 4376 Pater,
1449 4317 1543 4381 Filias,
1567 4322 1694 4381 Spiritus
1719 4330 1822 4375 sanctm

118 4384 519 4447 citurgsleatummtrelatio.
547 4399 601 4448 qua
626 4384 726 4434 dicitur
749 4385 799 4435 tals
821 4386 862 4435 vel
892 4392 1162 4469 tau·[)praedicatur
1187 4388 1220 4437 de
1244 4387 1381 4447 onruibus,
1405 4388 1448 4438 vel
1472 4389 1644 4453 singillatim,
1675 4396 1720 4445 val
1748 4394 1821 4445 simul

119 4460 186 4505 tum.
203 4456 249 4505 llis
266 4454 338 4506 enirn
353 4454 480 4505 carnibus
497 4457 621 4519 quasdam
636 4456 687 4505 alia
698 4457 945 4519 subintelliguntur.
1000 4460 1108 4511 Nsrllum
1146 4459 1228 4524 igitur
1260 4458 1355 4507 horum
1397 4459 1613 4513 substantialiter
1660 4468 1822 4529 predicatur.

122 4526 187 4576 ltam
204 4527 298 4576 borum
317 4526 531 4576 aliasecundum
547 4541 611 4585 rem,
632 4528 745 4577 utidem
761 4528 869 4589 elbum;
896 4530 948 4580 ulia
1000 4533 1086 4596 liujus
1110 4534 1198 4580 sutem
1223 4528 1436 4579 ratiocinationis
1462 4530 1578 4593 primam
1606 4540 1728 4597 partem,
1749 4548 1821 4601 quam

120 4596 199 4647 alflxa
231 4600 408 4653 extrinsecus,
435 4602 464 4647 ut
494 4597 566 4647 idem
593 4598 678 4658 loeus,
711 4603 739 4649 at
764 4603 861 4650 caetera
887 4615 948 4665 quas
1000 4604 1132 4653 dialectici
1154 4600 1366 4664 propositionem
1390 4600 1433 4649 val
1462 4608 1612 4666 sumptum,
1638 4606 1765 4657 rhetores
1784 4620 1822 4656 es·

123 4669 291 4719 mododicta
311 4673 383 4725 sunt,
414 4672 441 4719 et
466 4670 580 4719 aliarum
604 4685 732 4735 gesseram
763 4670 824 4720 alia.
853 4670 900 4722 llis
921 4677 949 4722 ct
1001 4672 1163 4739 positionem
1189 4672 1340 4731 nominant,
1382 4670 1521 4723 catholicas
1562 4674 1626 4726 tldsi
1671 4680 1820 4729 auctoritate

121 4738 183 4789 aliis
197 4740 244 4803 qul
259 4740 409 4790 secundum
426 4740 572 4792 divisiones
587 4742 700 4793 aliarum
715 4748 828 4805 possunt
842 4744 947 4793 ostcadi
1000 4745 1149 4795 confirmat.
1168 4742 1269 4795 bbhac
1292 4742 1381 4807 igitur.
1404 4741 1502 4805 inquil.
1525 4742 1601 4796 tiam
1622 4746 1764 4814 indaginis
1780 4761 1820 4799 sn·

121 4812 217 4871 modis,
249 4812 282 4860 de
311 4813 522 4862 subsistentibus
544 4814 627 4862 ιιιιιιι
655 4815 789 4863 dicuutur.
827 4814 947 4880 ideoque
1000 4815 1120 4873 monaci
1137 4812 1405 4873 iuterropeuranills
1430 4812 1475 4877 qui
1501 4814 1602 4866 dicitur
1626 4818 1710 4870 Pater
1736 4822 1768 4870 sit
1783 4833 1819 4869 se·

120 4898 181 4934 cum
197 4885 300 4934 brecad
317 4884 468 4947 theologica
492 4884 701 4941 transferuutur,
724 4885 761 4934 ibi
786 4900 893 4951 quoque
915 4901 947 4937 ea
1000 4889 1118 4939 cundum
1135 4882 1225 4939 odaiae
1242 4883 1283 4933 sui
1301 4883 1460 4940 arsbstantia.
1487 4884 1514 4934 id
1538 4891 1581 4937 est
1598 4890 1743 4941 casensise
1767 4890 1820 4941 sab

120 4956 285 5018 predicandi
303 4957 454 5005 modusest
474 4955 624 5019 inultiplex.
1000 4961 1108 5019 sistens,
1151 4954 1333 5019 respondetur
1374 4954 1512 5006 catbolirss
1552 4957 1617 5009 lldei
1663 4962 1821 5019 anctoritate,

154 5027 277 5089 Vtcmque
306 5024 368 5091 eta]
396 5026 501 5083 Quasi:
527 5027 665 5091 Tanquam
693 5027 816 5091 sophista
843 5042 945 5092 quaero,
999 5032 1144 5092 quadrare
1162 5026 1467 5085 estsubstautia.0uod
1484 5028 1507 5077 ιι
1523 5042 1649 5091 quaeram
1666 5034 1762 5085 anille
1781 5032 1821 5097 ιιι

118 5098 389 5153 ansubstautialiter,
419 5110 453 5146 au
483 5097 536 5147 alio
565 5100 654 5154 mado.
678 5104 704 5149 et
728 5113 782 5164 quo
810 5099 873 5155 ιιιιι,
890 5102 947 5151 luae
999 5099 1196 5151 dicilurFilius
1220 5094 1370 5147 substantia
1393 5097 1435 5154 sit,
1453 5097 1575 5161 ejusdem
1600 5102 1744 5155 catholice
1769 5102 1819 5155 ddei

119 5169 247 5231 predicto
262 5170 295 5219 da
312 5170 376 5227 Dera,
394 5168 422 5218 id
437 5176 477 5220 est
491 5171 524 5221 dc
547 5171 589 5220 bis
612 5172 659 5234 qui
683 5178 747 5220 suut
772 5186 841 5219 uaris
866 5174 946 5239 Deus,
997 5173 1165 5225 auctoritate,
1182 5168 1252 5218 idem
1283 5167 1399 5217 dicitur:
1430 5167 1564 5227 videlicet,
1597 5178 1641 5222 est
1669 5174 1818 5227 substantia

118 5242 172 5291 imo
195 5254 249 5290 una
270 5241 406 5297 divinitas,
431 5240 623 5303 praedicantur.
649 5240 792 5303 Tanquam
819 5255 883 5290 vero
908 5257 946 5292 sc·
996 5243 1125 5306 Spiritum
1144 5244 1388 5305 quoquesauctum
1420 5250 1499 5288 nemo
1524 5242 1671 5297 catlsolicss
1695 5246 1756 5297 ndei
1780 5245 1819 5295 da-

118 5311 396 5369 riusdemonstratur,
413 5310 595 5374 quodlsorurn
612 5310 645 5359 de
662 5309 813 5361 lrisverum
831 5313 873 5365 sil,
903 5314 943 5360 iu-
998 5315 1131 5367 trituravit.
1148 5311 1173 5360 id
1190 5315 1230 5360 eet
1257 5308 1381 5358 dubitare
1408 5312 1517 5372 poterit,
1547 5326 1609 5365 ease
1638 5316 1817 5369 substantiam·

118 5384 216 5447 dagars
229 5395 393 5445 magnopere
417 5395 493 5437 curo,
518 5383 643 5445 viamque
667 5380 804 5441 indapiuis
829 5384 945 5434 arbitror
996 5387 1040 5437 Sic
1056 5384 1139 5443 icitur
1153 5382 1186 5432 de
1197 5378 1312 5444 singulis
1324 5393 1372 5441 per
1395 5393 1424 5430 se
1451 5386 1533 5445 atque
1558 5382 1672 5439 divisim
1706 5390 1820 5455 praedica·

119 5454 352 5504 reassumendam
381 5453 453 5509 binc,
484 5453 557 5502 unde
590 5452 712 5503 omnium
742 5468 830 5503 rerrrm
860 5456 944 5505 ariani·
998 5463 1041 5508 tur
1055 5454 1296 5509 substautia;nec
1310 5449 1391 5499 niodo
1403 5451 1509 5503 divisim
1525 5454 1561 5505 de
1575 5454 1706 5523 siugulis,
1733 5462 1777 5513 sed
1795 5462 1819 5511 al

119 5525 348 5582 lcstum‚baccst
367 5523 506 5574 manileale
531 5524 636 5573 llrmurn
664 5529 772 5575 constat
793 5528 942 5583 exordium.
996 5529 1126 5578 collectim
1157 5525 1189 5574 de
1217 5522 1304 5572 tribus
1332 5520 1426 5571 eadem
1463 5524 1630 5586 praedicatur
1669 5530 1817 5599 substantia,

118 5596 145 5647 ιιι
161 5603 201 5646 ιιι
214 5598 247 5647 ab
262 5598 327 5657 ipsis
344 5595 482 5647 catholicae
508 5596 569 5645 fldei
594 5596 788 5648 laudamentis.
811 5599 840 5646 lu
864 5603 942 5648 emto·
995 5614 1056 5650 cum
1073 5599 1144 5647 enisu
1163 5608 1256 5645 rursus
1284 5591 1388 5656 colligo,
1418 5594 1501 5644 simul
1526 5612 1694 5663 supponens
1715 5602 1817 5657 Patrem

119 5670 156 5717 ris
171 5668 352 5728 lacultatibus,
379 5668 406 5717 in
430 5668 529 5731 quibus
552 5682 662 5732 semper
683 5669 882 5724 conara-tucioi,
903 5683 942 5720 re-

996 5675 1022 5720 et
1038 5670 1141 5728 intirim,
1157 5674 1184 5715 ct
1200 5663 1328 5728 Spiritum
1345 5670 1479 5727 sanatum,
1493 5668 1594 5723 eadem
1611 5672 1666 5725 llds
1695 5688 1750 5727 naa
1771 5672 1818 5737 pls·

117 5739 188 5803 gale
231 5738 391 5803 generalitas
433 5747 512 5803 atque
556 5738 703 5793 necessitas
741 5742 941 5803 accomodatur,

995 5754 1038 5792 res
1051 5752 1165 5790 nurnero
1180 5732 1368 5797 essentiarum,
1396 5734 1442 5787 sed
1472 5742 1605 5796 ιιιιιιιιι
1631 5744 1717 5801 nnius
1737 5746 1817 5811 αἰει-
