3892 6126
115 308 174 365 923
756 316 819 370 ΔΝ.
839 314 949 368 usus
968 313 1050 370 ERV.
1069 314 1190 371 sonan
1781 316 1833 373 921

118 436 230 493 tudinis
241 442 340 492 autem
356 437 554 494 consideratio
569 438 651 495 utilis
666 442 712 495 est
726 439 762 494 ad
774 438 941 496 inductivas
955 440 982 510 Α
996 438 1114 496 olemus
1130 440 1323 514 propositum)
1347 439 1501 509 collocare,
1526 456 1601 497 nam
1629 443 1831 503 communium

117 527 255 590 rationes,
270 531 299 582 et
314 528 349 582 ad
375 527 564 599 syllogismos
579 545 614 584 ex
635 528 849 600 suppositione,
862 533 891 584 et
906 528 942 585 ad
995 531 1073 601 qnod
1089 530 1216 586 maxime
1228 531 1258 586 in
1271 546 1306 586 ec
1321 532 1399 602 quod
1427 531 1499 603 quid
1531 532 1720 604 predicatur
1744 549 1832 607 &aas

118 618 346 689 assignationem
359 618 575 675 delinitionum.
587 620 629 674 sd
645 619 811 675 inductivas
823 619 942 691 quidem
995 618 1316 676 erit.Simililerantem
1328 624 1357 676 et
1367 619 1398 677 in
1408 619 1535 676 multum
1546 621 1741 678 distantibus
1756 623 1832 681 utilis

118 707 254 777 rationes,
270 723 303 763 eo
319 711 397 779 quod
414 711 490 765 circa
505 711 624 782 singula
646 711 676 765 in
692 710 840 766 similibus
856 710 943 766 indu·
997 708 1032 763 ad
1048 707 1232 765 definitiones
1245 708 1449 765 similitudinis
1464 710 1685 780 consideratio,
1712 716 1746 768 nt
1758 716 1831 785 qued

116 797 214 852 ctione
229 797 393 854 universale
408 800 612 855 existimamus
630 799 777 868 inducere,
790 816 847 855 non
864 799 942 856 onim
996 797 1075 855 idem
1100 796 1299 870 tranquillitas
1326 798 1356 854 in
1380 797 1465 866 mari,
1489 802 1520 855 et
1542 800 1699 857 serenitas
1713 801 1743 859 in
1758 818 1830 875 sere,

118 885 943 960 laaileestinducereignorantcssimilia.sdsyllagismoa
997 887 1829 961 utrumqueanimgoies,etqnoniampunctnminlinea,

117 992 151 1030 ex
167 977 380 1049 suppositione,
397 995 430 1033 eo
447 980 522 1050 quod
537 977 688 1052 probabile
699 978 943 1050 estqocmadmo·
996 979 1025 1033 et
1039 977 1137 1033 onitas
1152 975 1182 1032 in
1204 992 1336 1046 numero,
1352 983 1511 1050 utrumque
1533 977 1618 1036 enim
1641 979 1830 1054 principiam.

118 1067 189 1121 dum
206 1068 310 1123 inuno
326 1067 468 1123 similium
486 1085 517 1124 ee
541 1067 641 1135 babet,
658 1068 699 1124 sic
722 1072 752 1124 at
767 1069 795 1123 in
813 1067 943 1140 reliquis.
996 1066 1831 1141 Quarecommansioomnibosgenusassignantes,arbi·

117 1156 252 1219 Qunrcad
269 1155 751 1230 quodcunqueeorumlacoltatem
768 1154 944 1212 habebimus
996 1160 1123 1214 trabitur
1138 1176 1196 1214 noo
1211 1162 1348 1215 extranee
1368 1158 1501 1215 delinire.
1528 1158 1609 1216 Pena
1626 1165 1731 1218 antem
1745 1163 1829 1219 etde·

117 1245 301 1316 disputandi,
320 1245 830 1318 profitebimurquemadmodumin
849 1245 894 1302 bis
913 1262 945 1303 ae
997 1247 1133 1304 linientes
1161 1247 1203 1304 sie
1224 1247 1320 1304 solent
1344 1246 1506 1320 assignare,
1532 1264 1605 1305 nem
1632 1255 1666 1305 et
1696 1250 1828 1309 oniutcn

116 1336 215 1407 habet,
242 1338 285 1393 sic
312 1343 340 1394 ot
365 1338 394 1394 in
411 1338 560 1410 proposito
576 1338 692 1394 babere.
710 1339 739 1393 ld
754 1338 833 1394 anim
849 1342 945 1394 osten·
997 1337 1172 1410 principium
1189 1338 1304 1393 numeri
1320 1337 1421 1393 dicant
1433 1353 1518 1405 esse;
1535 1342 1566 1394 et
1590 1345 1743 1410 punctum
1758 1341 1828 1412 prin-

117 1429 229 1497 dentca,
246 1431 274 1482 ct
290 1429 473 1500 propositum
488 1445 522 1484 ex
539 1427 743 1500 suppositione
756 1429 945 1486 ostendentes
997 1429 1106 1501 ciplum
1123 1428 1216 1484 lincea.
1232 1427 1419 1484 ldanilestom
1431 1428 1523 1496 igitur
1537 1430 1689 1501 quoniam
1707 1430 1743 1486 ad
1758 1446 1827 1487 ccm-

116 1517 944 1590 erimus:supponentesenimquomodoinhissehabet,
998 1533 1087 1574 mune
1103 1523 1296 1590 utrorumque
1323 1533 1416 1589 genus
1442 1517 1603 1575 collocant.
1634 1520 1825 1577 instromenta

117 1607 158 1662 sic
176 1611 205 1663 et
220 1607 249 1662 in
266 1609 417 1679 proposito
433 1624 464 1663 se
484 1607 591 1664 habere
605 1608 884 1665 demonstrationem
903 1609 944 1665 ta·
997 1607 1098 1679 itaque
1112 1623 1163 1680 per
1178 1623 1245 1678 quae
1259 1611 1329 1662 sunt
1340 1606 1515 1680 syllogismi,
1530 1608 1594 1664 baar
1606 1625 1645 1664 sn
1652 1613 1686 1664 nt
1697 1626 1705 1677 ;
1717 1608 1773 1666 loci
1781 1626 1824 1665 aa·

117 1695 239 1751 ciomus.
259 1698 296 1753 ad
314 1696 513 1753 definitionem
542 1704 640 1754 aulem
657 1698 899 1770 assignationem,
912 1712 946 1754 ec
998 1697 1099 1752 temad
1114 1713 1188 1770 quoa
1199 1695 1282 1752 utilia
1293 1701 1364 1752 sunt
1371 1696 1522 1769 praedicta,
1534 1695 1555 1752 ii
1568 1702 1646 1754 sunt
1658 1699 1711 1771 qni
1724 1696 1823 1754 dicendi

117 1786 194 1858 quod
212 1791 345 1859 petentes
357 1787 526 1859 conspicere
541 1789 611 1859 quid
625 1786 655 1842 in
668 1803 845 1860 unoquoque
856 1788 946 1855 idem,
965 1820 987 1887 B
1002 1790 1082 1842 sunt.

118 1890 176 1930 non
194 1874 397 1932 dubitabimus
412 1876 447 1931 sd
460 1876 528 1948 quid
541 1881 673 1950 oporteat
683 1892 776 1950 genos
791 1876 948 1948 (cumded-

715 2066 876 2155 LIBER
910 2064 1230 2157 SECUNDUS.

391 2333 505 2391 CAPUT
520 2334 673 2392 PRlMUtl.
1000 2331 1113 2397 dicunt,
1127 2330 1172 2387 vel
1187 2331 1217 2387 in
1235 2346 1269 2388 ec
1283 2333 1361 2405 quod
1378 2333 1647 2405 transgrediuntur
1657 2336 1779 2408 positam
1787 2335 1821 2391 lc·

112 2426 149 2481 lle
162 2424 347 2498 problematis
360 2425 565 2481 vulnerantibus
582 2430 608 2480 ct
622 2423 653 2480 in
668 2424 769 2495 quidus
780 2425 947 2498 pradicatio
999 2422 1159 2501 cntionem.
1171 2420 1289 2477 Falsum
1303 2421 1411 2478 etenim
1422 2422 1564 2487 dicentes,
1576 2429 1608 2480 et
1619 2425 1674 2498 qui
1685 2426 1761 2498 qnod
1773 2440 1818 2481 non

328 2496 417 2554 inesse
427 2502 453 2554 tt
464 2500 730 2554 esseeoseertuntur.
999 2511 1075 2567 inest
1090 2511 1187 2566 inesse
1203 2509 1291 2566 alicui
1307 2511 1419 2579 dicunt,
1436 2516 1570 2583 peccant,
1582 2517 1614 2568 et
1627 2512 1820 2584 qniextraneis

148 2605 223 2661 Sunt
233 2609 332 2661 autem
342 2602 944 2678 problematumbaeoquidcmunlvcrsalia,
999 2598 1170 2655 nominibus
1186 2615 1232 2655 res
1258 2599 1408 2671 appellant
1423 2602 1466 2669 lut
1482 2598 1644 2657 Platanum
1660 2602 1819 2671 bominem),

119 2695 243 2751 illavero
258 2694 463 2767 particularia:
476 2696 653 2753 universalia
663 2696 794 2769 quidem,
806 2694 946 2751 ntomnis
997 2690 1257 2763 transgrediuntur
1273 2691 1399 2763 positam
1416 2689 1667 2750 nominationem.

118 2786 253 2858 voluptas
270 2787 379 2841 bonum
406 2791 460 2854 est,
486 2791 514 2842 et
542 2786 624 2843 nulla
651 2786 787 2858 voluptas
809 2786 944 2853 bonum;
1315 2791 1430 2847 CAPUT
1453 2791 1494 2848 il.

111 2875 302 2948 particularia
327 2891 406 2940 vero,
437 2880 470 2931 ut
499 2875 598 2948 aliqua
626 2875 762 2948 voluptas
781 2876 946 2944 bonum‚et
999 2879 1061 2937 Loci
1073 2880 1274 2951 problematum
1288 2878 1359 2951 qaod
1374 2878 1523 2951 quidquem
1538 2881 1665 2939 insiliret
1684 2899 1741 2939 non
1753 2881 1818 2939 insit

111 2964 210 3037 aliqua
221 2963 359 3035 voluptas
373 2981 431 3021 non
444 2964 563 3022 bonum.
576 2964 651 3021 Sunt
659 2970 756 3022 autern
766 2966 801 3021 ad
823 2970 945 3036 utraque
1033 2968 1116 3026 Unus
1127 2977 1222 3025 eutem
1236 2967 1318 3025 locus
1328 2973 1374 3024 eet
1386 2969 1532 3041 inspicere
1543 2970 1568 3026 si
1579 2972 1655 3043 quid
1669 2973 1818 3029 secundun

110 3073 217 3128 genera
229 3055 452 3128 problematum
469 3056 828 3123 communiauniversalia,
837 3060 865 3112 et
875 3073 945 3112 con·
999 3058 1127 3132 aliquem
1140 3058 1358 3115 alinmmedum
1370 3058 1457 3125 inest,
1467 3059 1649 3116 utaccidens
1659 3061 1818 3134 assignavit.

111 3145 264 3213 structiva,
293 3150 323 3199 et
340 3145 533 3202 destructiva.
553 3146 748 3202 ostendentes
770 3146 847 3201 enim
863 3145 941 3217 quod
957 3191 979 3260 C
1000 3152 1139 3204 Peccator
1153 3151 1251 3203 autem
1268 3148 1395 3203 maxime
1410 3147 1438 3203 id
1455 3146 1532 3203 circa
1549 3163 1673 3222 genera,
1687 3150 1818 3224 utsiqnis

114 3233 289 3304 omniinrst,
301 3238 329 3289 et
340 3234 417 3304 quod
429 3231 517 3289 alicui
529 3232 605 3289 inest
614 3234 801 3290 ostendentes
811 3233 941 3303 erimos3
997 3239 1062 3296 albo
1078 3239 1156 3294 dicat
1181 3237 1311 3294 accidere
1339 3238 1465 3294 colorem
1494 3254 1570 3312 esse,
1589 3256 1651 3297 non
1668 3243 1749 3298 enim
1764 3240 1818 3298 albo

113 3322 252 3380 similiter
267 3321 696 3392 autemetsiquodnolliinest
713 3322 941 3393 ostenderimus,
995 3328 1122 3386 colorem
1147 3344 1212 3384 esse
1235 3326 1350 3395 accidit,
1376 3329 1427 3383 sed
1451 3344 1547 3400 genus
1572 3330 1643 3400 ejus
1668 3332 1750 3389 color
1773 3335 1817 3388 est

116 3419 144 3469 et
159 3413 236 3484 quod
254 3428 310 3468 non
334 3410 413 3467 omni
438 3412 517 3466 inest
540 3412 727 3468 ostendentes
744 3413 864 3468 erimus.
882 3411 941 3469 Pri·
995 3417 1146 3490 Contingit
1161 3420 1258 3472 autem
1269 3423 1298 3472 et
1310 3416 1472 3473 secundum
1486 3419 1727 3478 nominationem
1737 3423 1818 3478 deter-

115 3519 196 3557 mum
214 3516 282 3574 ergo
297 3499 332 3555 de
348 3499 564 3556 universalibus
577 3500 764 3557 destructivis
774 3500 941 3569 dicendum,
995 3506 1107 3562 minare
1123 3522 1190 3562 eum
1204 3506 1253 3577 qui
1269 3506 1360 3578 ponit,
1376 3512 1408 3561 ut
1420 3507 1497 3578 quod
1511 3507 1620 3564 accidit
1635 3511 1761 3581 ,iustitiae
1773 3511 1818 3567 vu·

113 3609 146 3649 ao
160 3592 236 3665 quod
249 3589 667 3661 communiesintbulusmodi
679 3591 713 3647 ad
723 3590 899 3647 universalia
913 3595 942 3648 et
994 3598 1087 3651 tutem
1102 3609 1176 3649 esse.
1193 3593 1275 3665 Sepe
1290 3597 1388 3649 autem
1406 3597 1436 3649 et
1463 3608 1529 3648 cum
1558 3610 1617 3650 non
1641 3596 1818 3663 determinet,

113 3679 315 3755 particularia,
326 3682 355 3735 et
369 3679 440 3752 quia
457 3679 550 3751 magis
562 3678 722 3751 positiones
734 3679 895 3736 adorantia
906 3695 940 3735 eo
994 3682 1184 3740 manifestum
1201 3682 1278 3754 quod
1294 3697 1388 3754 genus
1404 3686 1436 3738 ut
1451 3682 1588 3739 accidens
1603 3685 1781 3759 assignavit,
1792 3688 1819 3741 at

114 3772 192 3844 quod
206 3772 292 3841 inest,
303 3784 391 3842 quam
402 3768 662 3841 non,disputanles
671 3773 767 3825 autem
775 3769 939 3826 destruant.
993 3772 1018 3829 si
1029 3772 1096 3844 quis
1107 3770 1271 3826 albedinem
1284 3770 1406 3827 colorari
1418 3770 1580 3842 dixeritve!
1592 3774 1816 3833 ambulationem

115 3862 171 3917 Est
199 3865 297 3916 autem
326 3857 535 3914 dildcillimom
564 3859 692 3915 converti
722 3859 758 3915 ab
791 3859 941 3916 accidente
993 3859 1816 3938 movertanulloonimgeneredsnoninativepredica·

112 3950 262 4023 propriam
277 3946 513 4004 nomitationcm.
525 3947 598 4004 Nam
614 3946 713 4019 aliquo
737 3948 824 4004 modo
839 3952 868 4004 et
882 3964 939 4005 non
992 3950 1033 4007 lic
1048 3949 1083 4005 ds
1099 3949 1195 4023 specie
1208 3948 1327 4020 dicitnr,
1340 3951 1389 4005 sed
1404 3949 1503 4005 omnia
1526 3950 1652 4007 univoce
1668 3968 1776 4025 genera
1788 3952 1817 4008 de

111 4037 316 4096 universaliter
332 4037 362 4092 in
378 4035 449 4093 solis
464 4036 609 4108 contingit
621 4036 832 4106 accidentibus,
844 4038 939 4094 adell-
993 4037 1147 4111 speciebus
1160 4036 1368 4111 praedicantur,
1385 4054 1453 4094 nam
1465 4042 1493 4094 et
1505 4055 1613 4095 nomen
1630 4046 1660 4097 et
1681 4041 1815 4099 rationem
1857 4058 1859 4101 l

115 4125 873 4200 nitioneenim,etpropri0,etgcnerenecessarium
896 4134 941 4185 est
992 4144 1131 4201 generum
1157 4127 1324 4200 suscipiunt
1348 4127 1484 4199 speciee3
1511 4128 1561 4200 qui
1591 4129 1686 4200 igitur
1709 4131 1815 4188 colors·
1857 4104 1859 4207 l

110 4216 300 4283 converti,ut
315 4214 340 4270 si
356 4215 434 4271 ineat
463 4212 550 4269 alicui
566 4213 674 4269 animal
690 4214 841 4287 gressibile
858 4214 939 4287 bipes
991 4217 1813 4295 tamdixitalbom,nequegcousassignavitqooniam
1857 4238 1859 4301 ,

111 4324 187 4374 esse,
204 4309 419 4361 convertentem
428 4321 530 4361 verum
542 4304 597 4359 crit
608 4304 938 4378 dicere,qnoniamillud
992 4306 1209 4364 denominative
1225 4306 1307 4373 dixit,
1324 4324 1419 4380 neque
1431 4313 1463 4363 ut
1477 4310 1629 4379 propriam
1643 4311 1688 4368 vel
1705 4312 1812 4368 ulded·
1857 4302 1859 4373 Ι

111 4395 219 4452 animal
235 4393 391 4466 gressibile
407 4395 491 4468 bipes
520 4397 574 4451 cst.
591 4394 938 4468 Similiteraulcmage·
992 4396 1810 4471 nitiooem,namdeilnitioetpropriumnullialiiinests:
1857 4392 1859 4455 Ι

111 4500 190 4553 nere,
208 4501 276 4540 nam
289 4485 313 4540 si
325 4485 431 4540 animal
448 4485 524 4541 inest
536 4484 635 4551 alicui,
645 4486 753 4542 animal
766 4491 821 4543 est.
831 4486 938 4542 Eodem
993 4492 1062 4542 sunt
1073 4491 1171 4542 autem
1184 4486 1345 4542 coloratacl
1357 4486 1495 4560 pleraque
1507 4487 1644 4560 allorum,
1654 4490 1809 4563 attiguum,

110 4579 206 4632 auton
224 4574 355 4630 modoet
372 4576 489 4648 proprio
504 4580 572 4643 est;
599 4575 623 4630 si
649 4575 726 4631 enim
753 4573 838 4630 alicui
859 4574 937 4631 inest
951 4566 975 4631 D
990 4575 1076 4648 lapis,
1092 4575 1191 4641 bomo,
1207 4591 1311 4647 equus.
1329 4576 1515 4631 Manifestum
1529 4576 1619 4649 igitur
1636 4580 1772 4650 quoniam
1783 4581 1809 4633 nt
1857 4634 1859 4645 ,

109 4662 933 4736 grammaticsssusceptivomesee,grammaticessusce·
990 4665 1126 4721 accidens
1152 4664 1323 4735 assignavit.
1351 4663 1434 4720 Alius
1455 4664 1538 4721 locus
1561 4671 1606 4723 est
1625 4667 1807 4742 inspicereea
1857 4676 1859 4711 ῑ

109 4753 222 4826 ptivnm
238 4753 302 4808 erit.
320 4752 391 4809 Nam
408 4752 479 4809 nihil
496 4753 600 4809 horum
616 4750 759 4822 contingit
770 4751 933 4809 secundum
989 4754 1097 4825 quibus
1114 4755 1210 4810 inesse
1226 4754 1429 4809 solemnibus
1450 4761 1500 4810 aut
1528 4755 1600 4811 nulli
1618 4757 1732 4815 dictum
1760 4760 1806 4822 est,

111 4842 180 4913 qaid
192 4843 300 4907 inesse,
310 4844 354 4899 vel
369 4858 426 4897 non
437 4857 513 4907 csse,
525 4841 574 4897 sed
587 4838 761 4911 simpliciter
775 4837 818 4894 vel
830 4839 939 4909 inesse,
993 4843 1213 4899 etconsiderare
1223 4843 1384 4899 sesualdum
1396 4845 1518 4914 species,
1530 4850 1558 4900 ct
1570 4862 1627 4900 mm
1640 4848 1670 4902 in
1682 4846 1804 4903 induitis.

112 4932 155 4989 vel
172 4932 383 4988 noninesse.1n
395 4931 596 4987 accidentibus
607 4933 705 4985 autem
716 4927 788 4983 nibil
805 4927 939 5000 probibet
993 4930 1066 4987 Nam
1082 4932 1208 4987 transitu
1226 4933 1318 5005 magis
1330 4933 1395 4987 ctio
1409 4932 1595 5004 paucioribus
1612 4936 1805 4997 consideratio,

112 5015 764 5093 secundamqoidinesse,utalbedlnem,vel
776 5016 936 5089 justitiam.
992 5025 1215 5093 oportetautam
1246 5022 1433 5079 considerare
1462 5027 1490 5078 et
1514 5023 1644 5096 incipere
1673 5025 1805 5098 oprimis,

112 5113 206 5177 Quare
223 5126 279 5164 non
289 5109 399 5165 scilicit
409 5108 564 5163 ostendere
580 5106 718 5177 quoniam
734 5105 810 5162 inest
824 5104 936 5178 albedo,
992 5110 1099 5165 deinde
1113 5121 1326 5184 consequenter
1340 5128 1435 5183 usque
1450 5112 1484 5166 ad
1502 5113 1666 5181 individua,
1686 5120 1719 5171 ot
1733 5114 1756 5171 si
1766 5128 1805 5185 ep·

110 5198 154 5254 vel
179 5195 308 5267 justitia,
338 5196 373 5252 ad
404 5194 618 5250 ostendendum
646 5193 724 5265 quod
759 5193 856 5263 albus,
892 5196 936 5252 vel
992 5199 1153 5271 positorum
1169 5202 1301 5256 eamdem
1317 5199 1503 5271 disciplinam
1520 5202 1587 5274 qais
1615 5203 1722 5261 dixerit
1742 5218 1805 5263 esee.

106 5289 210 5360 justus
242 5290 297 5354 cst,
329 5301 397 5341 nam
426 5282 516 5338 babet
542 5281 765 5354 dubitationem,
796 5284 934 5357 quoniam
992 5286 1383 5359 perspiciendumsieorum
1409 5306 1470 5362 pue
1494 5295 1563 5346 sunt
1591 5293 1627 5348 ad
1657 5294 1809 5369 aliquid,rt

112 5376 275 5432 secundum
292 5374 361 5446 quid
377 5371 473 5438 albus,
488 5370 534 5427 vel
546 5371 646 5442 justus
675 5375 719 5428 est
734 5389 741 5429 ε
759 5379 937 5447 quapropter
991 5378 1217 5446 contrariorum,
1235 5384 1337 5451 etque
1352 5381 1513 5435 secundum
1525 5380 1720 5451 privationem
1730 5392 1757 5441 el
1765 5382 1808 5439 bs·

112 5483 168 5521 non
186 5464 385 5521 necessarium
402 5464 446 5517 est
460 5460 490 5515 in
504 5460 705 5517 accidentibus
724 5464 861 5520 converti.
878 5470 935 5520 be·
990 5465 1085 5521 bitum
1101 5473 1202 5538 etque
1219 5469 1380 5524 secundum
1393 5469 1656 5529 contradictionem
1668 5475 1808 5540 dicuntur,

112 5556 270 5609 terminare
285 5556 381 5607 autem
408 5552 523 5622 oportet
541 5553 570 5606 et
598 5553 716 5621 peccata
741 5567 804 5622 qua
820 5556 889 5608 sunt
904 5552 933 5608 in
989 5553 1090 5610 eudem
1103 5554 1134 5610 fit
1146 5556 1337 5627 disciplinaet
1350 5559 1373 5612 si
1386 5557 1415 5612 in
1426 5557 1470 5614 bis
1480 5559 1611 5616 nondum
1624 5565 1806 5620 manilestom

113 5638 355 5715 problematibus,
368 5656 435 5696 nam
445 5638 641 5709 suntduovel
652 5638 682 5695 in
694 5655 727 5695 eo
738 5642 814 5712 quod
829 5642 935 5698 laisum
988 5645 1043 5712 est,
1060 5659 1176 5700 rursum
1192 5662 1226 5701 ea
1241 5645 1430 5702 dividendum
1445 5664 1540 5721 usque
1554 5650 1590 5705 ad
1602 5650 1765 5721 individua,
1781 5652 1810 5707 ul
