3892 6126
135 315 203 371 tcto
771 318 830 372 AN.
851 314 964 371 MANL.
983 315 1063 370 SRV,
1083 316 1200 369 bourn
1773 314 1842 369 ΙὯΟ

133 460 213 512 roro,
229 445 295 501 taus
309 442 464 516 Scipionis,
481 442 536 497 sub
556 441 818 498 demonstrativum
834 441 953 497 cadunt.
968 441 995 509 Α
1010 441 1099 512 prior,
1113 439 1257 497 rhetorice
1268 459 1275 509 ;
1288 440 1427 506 secunda,
1448 438 1603 496 dialectics
1627 443 1838 512 nuncupetur:

169 535 195 590 3.
212 535 412 591 Materiavero
427 530 518 602 hujus
536 530 739 587 tsoultatiaeet
762 530 858 587 omnis
888 529 957 601 qui·
1013 546 1076 600 qus
1092 530 1147 586 hoo
1161 529 1312 602 superiore
1326 529 1432 597 ditiert,
1445 530 1572 602 primum
1585 529 1664 602 quod
1677 527 1731 584 ilta
1742 527 1840 586 civiles

133 624 200 679 dem
216 640 262 679 ree
279 622 428 694 proposita
441 621 476 675 ad
494 620 664 687 dictionem;
678 621 736 676 tera
752 623 849 675 autem
861 617 957 673 etvitis
1013 618 1163 687 ὑποθέσεις,
1176 619 1237 676 huc
1246 619 1286 690 (a)
1297 617 1693 689 eteareconsiderst3dehinc
1703 617 1837 690 quoditie

133 713 265 783 quaestio.
279 713 309 766 In
326 712 400 766 hano
409 709 520 781 species
533 726 549 762 a
560 708 701 765 rhetorica
714 709 864 764 venientes
873 704 957 779 qussi
1010 710 1295 776 continusorstione,
1304 710 1410 781 booth)
1421 710 1557 767 intercise
1566 709 1773 782 peragitur30t
1782 725 1840 781 quo

131 803 265 871 quadam
282 800 380 856 formes
391 799 512 870 copiunt
523 797 579 853 sibi
592 797 757 867 materiam,
766 801 795 853 et
803 795 958 868 tripliciter
1011 798 1156 856 rhetorioa
1166 800 1258 856 oratio
1267 799 1355 855 babet
1367 802 1470 870 praeter
1482 799 1686 855 adversarium
1695 798 1839 871 judicem,

128 890 317 946 informatam
334 893 435 944 tenent
448 888 552 958 figura,
569 888 643 957 «quod
658 886 805 958 posterius
822 884 955 957 liquebit:
1011 886 1838 960 dialecticaveroeodsmjudicequoadverssrionitituqr)

130 977 268 1034 ntciriiis
285 977 406 1049 quaestio
429 992 493 1048 quae
517 974 763 1031 adhucintormis
792 974 955 1029 secundum
1045 978 1072 1032 7.
1091 977 1748 1051 Haeoigitorrhetoricsorotiobabetpartes
1763 991 1837 1033 sex:

130 1068 327 1139 operissent,
345 1067 395 1121 siat
410 1070 529 1136 accepto
546 1065 602 1119 tine
616 1063 774 1136 unicuique
789 1062 955 1135 specierum
1010 1068 1196 1139 prooemium,
1217 1069 1293 1138 quod
1323 1067 1475 1125 exordium
1495 1074 1563 1139 est,
1591 1064 1751 1137 rationem,
1774 1081 1839 1139 per.

129 1156 281 1212 rhetorices
297 1156 442 1226 subjecta.
460 1152 498 1209 Ut
513 1152 614 1209 turmis
629 1152 726 1208 adhuc
756 1150 850 1207 civilis
875 1167 957 1223 quar-
1008 1157 1153 1229 titionem,
1169 1157 1436 1228 confirmationem,
1454 1157 1727 1228 reprehensionem,
1757 1172 1840 1228 pero·

130 1247 197 1314 stio,
210 1262 276 1301 cum
288 1242 432 1315 acceperit
442 1260 476 1299 ex
483 1239 618 1313 judiciali
628 1242 714 1296 finem
727 1241 812 1311 J'usit'i
829 1240 880 1295 fiai
892 1241 955 1311 ipsa
1009 1246 1152 1303 rationem
1164 1265 1171 1315 ;
1189 1263 1252 1320 qus
1269 1252 1365 1321 partes
1376 1246 1566 1304 instrumenti
1579 1246 1735 1303 rhetorices
1749 1245 1837 1303 iscul·

129 1334 223 1392 civilis
239 1333 360 1407 quaetio
375 1331 404 1386 iu
417 1330 551 1402 judiciali
568 1346 673 1402 genere
688 1330 857 1385 constituta.
882 1331 953 1383 Cum
1008 1335 1088 1402 tetis,
1101 1337 1238 1408 quoniam
1255 1337 1399 1393 rhetorica
1414 1336 1444 1392 in
1454 1336 1593 1393 omnibus
1604 1335 1672 1392 suta
1684 1334 1838 1409 speciebus

11 1440 14 1447 ·
40 1456 44 1465 ·
127 1436 195 1480 uero
206 1440 240 1479 ea
255 1421 444 1477 deliberativo
459 1418 620 1491 sumpserit
637 1416 706 1474 utile
717 1417 760 1474 vet
784 1417 952 1482 honestum,
1008 1425 1094 1493 inest,
1106 1425 1217 1482 eisdem
1228 1424 1267 1497 (d)
1278 1425 1395 1481 inerunt
1407 1444 1415 1494 ;
1428 1441 1480 1481 nee
1491 1424 1590 1497 potius
1601 1423 1738 1493 inerunt,
1750 1441 1837 1497 quan

128 1516 199 1568 tuno
216 1513 267 1566 ssot
279 1512 343 1582 ipsit
359 1508 453 1565 divtiis
466 1507 588 1580 quaeslio
603 1505 632 1561 in
645 1505 833 1563 deliberativo
849 1522 953 1562 dalida·
1008 1513 1123 1571 hisdem
1140 1531 1204 1588 quoe
1221 1520 1365 1589 peragunt
1380 1514 1642 1571 administrabunt,
1657 1515 1837 1587 [hequem]

130 1617 193 1658 rum
210 1615 316 1672 genere
332 1598 503 1654 constituta.
520 1596 550 1652 Si
564 1612 630 1651 vero
646 1611 679 1650 sx
703 1594 953 1652 demonstratione
1003 1602 1836 1676 judicialiganereeausarumneceflasrtumtordopm.

128 1682 867 1759 sumpseritbonum,tuncdemonstrstivsdtcivilis
878 1700 953 1756 qus·
1008 1692 1059 1748 mii
1070 1698 1099 1749 et
1114 1692 1290 1750 narrationis
1306 1697 1394 1766 atque
1408 1698 1595 1761 merorum,
1610 1709 1679 1765 qun
1689 1694 1726 1765 (ς)
1741 1693 1772 1748 in
1782 1693 1835 1749 de.

127 1773 465 1836 stio.Veniuutsutemin
476 1773 629 1828 materiam
639 1772 952 1845 Speciesenheiot’idttt
968 1817 992 1882 B
1008 1783 1201 1838 monstrativo
1216 1783 1464 1854 deliberativoque
1479 1782 1647 1839 poematia
1663 1780 1834 1855 gunt,09up

128 1865 205 1938 quod
218 1864 301 1920 aliter
313 1863 343 1917 in
360 1862 482 1918 materia
496 1859 826 1933 suaquelibettacultas
837 1877 955 1933 nonpo·
1006 1873 1106 1924 autem
1122 1868 1271 1925 rhetorica
1283 1866 1429 1924 facultatis
1444 1868 1547 1926 docere
1563 1873 1592 1925 st
1602 1884 1725 1926 movere
1738 1885 1746 1925 :
1758 1871 1831 1942 qood

126 1958 186 2011 test
200 1953 325 2025 operari,
337 1967 425 2022 quam
438 1951 463 2006 si
474 1967 543 2007 sues
554 1950 694 2006 adhibeat
704 1955 811 2022 partes;
824 1950 954 2006 absenti·

126 2043 183 2100 hus
198 2042 275 2099 enim
293 2041 405 2097 cunctis
420 2040 483 2097 suis
498 2037 794 2112 partibus,rhstorics
808 2039 952 2111 ipsequo·

124 2148 180 2204 qur
196 2136 240 2188 est
255 2131 372 2186 absens.

58 2252 60 2257 .
159 2221 186 2278 d.
203 2220 414 2292 sedquoniam
431 2219 467 2274 de
483 2218 755 2290 speciebusdiotum
772 2223 817 2274 cst
829 2217 951 2273 rhetori·

124 2324 176 2379 oar,
193 2309 341 2381 quomodo
358 2311 427 2364 sunt
442 2323 549 2378 genera
564 2324 730 2373 causarum,
760 2307 801 2363 its
825 2311 894 2362 sunt
918 2310 950 2362 ut

1006 1955 1196 2013 nibilominus
1212 1957 1326 2013 hisdem
1343 1958 1400 2013 tere
1413 1974 1464 2014 sex
1480 1956 1702 2025 instrumentis,
1734 1958 1764 2014 id
1791 1961 1833 2015 est

1005 2045 1830 2119 orationispartibus,administratur.Partesautomrhe·

1004 2133 1112 2204 toricoe,
1132 2135 1272 2208 quoniam
1288 2138 1386 2208 partes
1401 2140 1472 2191 sunt
1486 2135 1646 2204 facultatis,
1672 2136 1747 2209 ipso
1763 2153 1830 2209 quo·

1004 2239 1060 2294 que
1073 2233 1140 2280 sunt
1151 2223 1316 2280 Facultates.
1330 2223 1471 2292 Quocirca
1483 2224 1831 2298 ipsaquoqueoretiouis

1002 2312 1236 2386 partibusquoei
1262 2313 1469 2370 instrumentis
1496 2318 1618 2370 utentur
1645 2314 1676 2371 in
1706 2319 1829 2388 partem,

126 2398 258 2456 omnium
276 2397 460 2470 negotiorum
477 2413 540 2468 qua
554 2397 583 2451 in
600 2395 676 2451 civili
692 2395 809 2469 negotio
839 2394 948 2451 cousti-
1002 2398 1091 2467 atque
1103 2394 1191 2450 uthis
1206 2398 1376 2467 operentur,
1392 2394 1503 2451 eisdem
1520 2396 1651 2451 inerunt.
1667 2395 1746 2453 Nem
1775 2396 1829 2453 nisi

123 2491 188 2544 tuta
200 2486 446 2543 suntiniormats.
460 2483 834 2556 Assusjustojudicialesit
844 2500 946 2557 genus.
1002 2480 1143 2554 adsinttt)
1160 2482 1304 2555 praedictae
1320 2482 1471 2539 rhetorica
1487 2488 1597 2556 partes,
1627 2486 1661 2538 ut
1683 2483 1827 2553 inveniat,

10 2630 13 2635 .
122 2571 949 2648 Omniumveroqusrconstitutainciviliqusstioneho·
1002 2569 1166 2642 eloquatur,
1182 2573 1331 2645 disponat,
1361 2572 1541 2640 meminerit,
1571 2574 1760 2644 pronuntiet,
1790 2572 1826 2629 nit

121 2672 239 2724 nestum
249 2664 292 2721 val
305 2664 405 2720 utitem
414 2665 501 2720 ssnem
514 2667 664 2735 ceperunt,
676 2663 898 2719 deliberativum
909 2663 948 2718 eit
1001 2665 1069 2732 agat
1080 2665 1186 2717 orator.
1198 2661 1363 2733 Eodemque
1373 2662 1459 2718 modo
1470 2678 1510 2718 ese
1519 2661 1558 2732 (p)
1570 2678 1635 2734 ques
1647 2662 1709 2719 iere
1732 2669 1827 2735 partes

118 2770 224 2827 genus:
241 2754 432 2826 omniumque
448 2769 511 2824 qum
527 2753 555 2806 in
572 2751 648 2808 civili
678 2751 947 2825 positaquaestione
999 2749 1198 2817 instrumenti,
1223 2750 1280 2806 nisi
1310 2749 1417 2807 habent
1444 2767 1546 2807 omncs
1575 2750 1703 2807 rationis
1720 2756 1825 2824 partes,

117 2842 206 2900 finem
219 2841 346 2911 honesti,
354 2841 440 2913 justi,
452 2841 557 2898 bonive
566 2845 768 2913 sumpserunt,
775 2840 813 2897 sit
824 2841 944 2897 demon·
998 2838 1827 2911 trustrasunt.tiujuseutsmfacultatisetiectororetorest

80 2984 82 2988 ,
117 2933 270 2988 strativum
287 2948 390 3004 genus.
402 2930 456 2987 sed
466 2931 502 2985 ds
517 2930 565 2986 his
580 2929 735 2986 hactenus.
997 2929 1083 3000 cujus
1098 2933 1143 2986 est
1157 2930 1285 2986 oissoium
1302 2929 1822 3002 diceresppositoadpersnssiooem.

151 3023 178 3078 5.
196 3021 279 3079 Nunc
295 3020 331 3077 ds
343 3020 474 3092 partibus
491 3019 642 3075 rhetorica
659 3017 869 3091 providendum
887 3021 942 3074 est.
1032 3019 1059 3073 8.
1071 3017 1558 3090 Finistuminipso,tuminultero.
1572 3019 1681 3091 Inipso
1696 3021 1824 3091 quidem,

116 3114 217 3167 Partes
232 3110 309 3165 euim
327 3109 476 3165 rhetorice
494 3107 714 3180 suntquinqus;
730 3107 870 3174 invenito,
883 3105 942 3161 dis·
997 3110 1030 3162 ut
1045 3108 1118 3163 hena
1133 3107 1254 3175 dixisse,
1271 3107 1300 3162 id
1316 3112 1361 3164 eet
1377 3106 1486 3164 dixisse
1500 3107 1681 3180 appositsad
1705 3125 1824 3180 persus·

116 3199 234 3273 positio,
246 3198 381 3265 elocutio,
394 3196 767 3268 momoria,pronuntiatio.
779 3199 880 3251 Partes
891 3211 942 3250 au·
958 3177 981 3247 (i
998 3196 1110 3252 sionem
1125 3213 1131 3252 :
1148 3198 1180 3252 ln
1195 3198 1285 3254 attero
1301 3213 1377 3265 vcro,
1391 3197 1582 3269 persuasisse.
1595 3197 1700 3270 Neque
1710 3199 1790 3255 enim
1801 3199 1824 3255 si

114 3292 175 3345 tem
190 3292 331 3344 vocantur
344 3286 463 3351 idcirco,
480 3284 549 3358 quia
564 3286 587 3342 si
602 3286 670 3357 quid
692 3285 797 3341 harum
818 3284 942 3340 defuerit
996 3285 1824 3359 quairopediantorstorumquominuspersuedest,iecto

114 3376 232 3446 oratori,
245 3376 283 3429 im
289 3375 416 3445 pertenta
427 3373 551 3429 incultas
565 3376 721 3446 estAtque
732 3372 941 3446 ideoquaeuni-
996 3374 1103 3442 attinio,
1120 3375 1189 3431 finis
1200 3391 1257 3431 non
1274 3380 1320 3432 est
1335 3380 1522 3432 consecutus.
1537 3375 1592 3432 Sed
1610 3376 1704 3447 isqui
1731 3376 1823 3434 offitio

112 3482 198 3522 versu
210 3465 335 3519 formant
345 3463 501 3521 oratoriam
516 3463 734 3532 fucultatem,ea
744 3473 841 3537 portes
853 3464 941 3519 tacut·
995 3462 1821 3537 quidemtuitcontiguusetoognutus,consequitur,tsoto

113 3552 186 3610 tatis
203 3554 267 3624 etus
283 3553 388 3607 dicere.
401 3551 474 3607 nibil
486 3551 647 3608 absurdum
659 3553 774 3609 estsed
789 3553 938 3625 hupertas
994 3551 1111 3620 othrim
1128 3552 1153 3608 is
1169 3570 1235 3608 veru
1251 3552 1301 3625 qui
1313 3558 1394 3609 extra
1416 3556 1472 3619 est,
1495 3569 1571 3624 sape
1588 3569 1648 3609 non
1664 3556 1820 3627 consequi·

115 3640 938 3714 quoniamrhetoricataoultatissunt,totumquerheto·
995 3643 1053 3695 tur.
1067 3641 1166 3713 Neque
1182 3647 1278 3696 tamen
1308 3640 1620 3698 rhetoricsmsuotine
1649 3647 1817 3701 contentam

115 3730 206 3786 rioam
223 3728 392 3785 facultatem
408 3733 598 3799 componunt,
610 3730 843 3785 necesseestuhi
854 3730 940 3785 fuerit
995 3728 1103 3785 honore
1120 3729 1263 3785 vacuabit.
1281 3729 1345 3786 Haec
1361 3730 1481 3802 quidem
1502 3731 1543 3786 ita
1565 3733 1636 3787 sunt
1660 3732 1768 3800 mixta,
1793 3740 1821 3789 ut

114 3818 269 3881 rhetorica,
285 3818 354 3888 ipss
366 3833 483 3888 quoque
497 3817 728 3889 subsequantur.
743 3823 832 3874 Atesi
843 3818 939 3874 rboto-
994 3817 1139 3874 rhetorica
1151 3818 1222 3874 insit
1237 3820 1402 3891 speciebus,
1418 3820 1531 3892 speeies
1545 3836 1612 3876 vero
1635 3819 1734 3877 insint
1757 3821 1821 3877 rbe-

114 3907 176 3964 rica
190 3906 218 3962 in
236 3905 360 3978 propriis
384 3905 537 3975 speciebus
566 3906 695 3973 interro:
721 3922 824 3963 omnes
850 3906 940 3979 igitur
993 3906 1819 3981 toricatb).Csussrumsutempsrtesststusessedicun·

113 3995 265 4053 rhetorice
279 3999 376 4067 partes
387 3993 506 4049 inerunt
521 3995 670 4050 rhetorica
685 3995 848 4067 speciebus.
862 3997 937 4061 Quo·
993 3999 1051 4062 tur,
1064 3997 1099 4051 ds
1114 3997 1221 4068 quibus
1236 3995 1290 4051 hoo
1307 3997 1393 4052 modo
1408 3997 1626 4070 dispiciendum
1653 4003 1714 4054 est.
1743 3999 1817 4063 Ouo·

112 4085 189 4142 circs
201 4085 290 4142 etism
302 4085 348 4141 bis
359 4083 495 4141 civilibus
507 4085 802 4156 negotiistractsndts
818 4085 938 4142 adhibe·
994 4085 1080 4140 modo
1096 4084 1173 4140 enim
1186 4088 1283 4157 partes
1298 4100 1363 4141 esse
1378 4086 1561 4158 potabuntur
1588 4102 1699 4155 osusoe,
1726 4087 1751 4143 si
1780 4087 1817 4141 its

112 4174 308 4247 buntur,quo
320 4174 938 4247 asupradictisrhetoricaespeciehusintor·
994 4177 1090 4245 partes
1107 4178 1138 4229 ut
1150 4173 1447 4247 speciosiquomodo
1462 4175 1525 4232 fieri
1542 4181 1648 4249 potest,
1664 4187 1699 4233 ut
1717 4178 1746 4232 in
1762 4193 1817 4231 une

112 4267 240 4321 mantur.
250 4262 779 4335 AEqueiqiturinjudicistiuegotioet
789 4264 817 4319 iu
827 4262 938 4320 deliba·
993 4278 1082 4318 causa
1098 4264 1196 4333 piures
1210 4263 1438 4320 constitutiones
1452 4263 1528 4320 sinti
1542 4280 1611 4321 nem
1623 4266 1740 4338 specics
1752 4265 1818 4321 sibi·

111 4354 203 4409 rattvo
219 4358 248 4408 at
260 4353 289 4407 in
301 4353 540 4417 demonstrativo,
553 4352 693 4421 inventio,
702 4352 867 4423 dispositio,
879 4351 938 4408 elo·
992 4355 1050 4406 met
1061 4351 1253 4423 impermixts
1271 4357 1351 4408 suut.
1368 4357 1405 4408 At
1419 4353 1540 4410 veniunt
1549 4354 1579 4409 ia
1593 4369 1718 4411 causam
1729 4353 1817 4428 pluri·

40 4428 50 4441 '
112 4442 201 4511 cutio,
219 4441 373 4508 memoria,
389 4440 660 4513 pronuntiatioque,
675 4441 864 4496 conveniunt.
994 4456 1047 4495 ma·
1061 4440 1307 4510 constitutiouss;
1324 4458 1383 4499 non
1399 4445 1469 4498 suut
1483 4441 1574 4516 igitur
1589 4447 1691 4516 partos
1716 4460 1816 4501 causs-

147 4531 174 4586 6.
188 4529 330 4593 Quoniam
347 4530 517 4586 varoomnis
527 4529 585 4585 iere
598 4528 724 4585 incultas
739 4530 937 4586 instrumento
951 4544 976 4611 ῃ
992 4547 1070 4598 rum,
1087 4528 1165 4586 velut
1178 4528 1291 4603 species
1307 4535 1412 4587 status.
1426 4531 1501 4589 ltlud
1511 4548 1631 4605 quoque
1642 4535 1723 4605 quod
1741 4531 1816 4589 nulia

111 4619 206 4676 utitur
220 4619 254 4675 ad
269 4618 432 4675 iaciendum
450 4619 526 4692 quod
541 4622 647 4690 potest,
659 4618 935 4691 eritigituratiquid
992 4619 1104 4692 species
1119 4618 1208 4675 atium
1224 4620 1279 4676 sihi
1296 4623 1460 4694 oppositam
1477 4623 1603 4695 speciem
1619 4624 1654 4680 ad
1681 4625 1816 4681 substan·

109 4706 352 4764 instrumentum.
370 4707 427 4763 Hoc
442 4724 510 4763 vero
525 4708 683 4778 estoretio,
701 4724 764 4780 que
779 4708 883 4780 partim
904 4709 933 4763 iu
991 4708 1061 4765 tiam
1076 4708 1167 4778 juvat
1184 4711 1358 4766 Constitutio
1373 4726 1441 4767 vero
1452 4711 1696 4770 constitutionem
1713 4711 1815 4770 confir·

109 4796 187 4853 oivili
202 4811 306 4867 genere
322 4800 466 4865 versatur,
479 4796 587 4867 partim
599 4795 730 4852 minime.
744 4800 781 4852 De
792 4814 825 4852 ea
837 4802 936 4854 sutem
991 4801 1053 4854 mat
1068 4798 1103 4853 ad
1121 4796 1218 4854 fidem.
1228 4798 1286 4855 Nec
1299 4815 1366 4856 vero
1381 4800 1442 4857 fieri
1459 4804 1555 4871 potest
1571 4806 1604 4857 ut
1618 4802 1659 4857 ita
1675 4802 1736 4859 sint
1749 4817 1813 4858 ceu·

109 4887 239 4944 oratione
250 4885 483 4958 loquimur,quae
495 4886 582 4941 hahet
593 4885 721 4959 aliquam
733 4888 935 4959 questionem,
991 4903 1088 4944 sarum
1097 4888 1181 4957 qussi
1192 4888 1283 4944 totius
1296 4889 1813 4965 partas.Nullumenimcompositum

108 4975 152 5032 vel
166 4992 230 5049 quo
246 4974 280 5030 ad
304 4976 391 5030 finem
420 4974 606 5044 expedienda
633 4975 805 5046 questionis
820 4992 936 5032 socom·
991 4992 1026 5032 ex
1042 4993 1099 5032 una
1114 4981 1197 5049 purte
1213 4981 1309 5033 totum
1323 4984 1413 5052 atque
1428 4980 1574 5047 inteprum
1591 4997 1657 5038 esse
1675 4983 1813 5054 potesttt

109 5065 256 5121 modatur.
275 5064 392 5137 Eaergo
404 5063 507 5125 oratio,
518 5079 582 5134 qus
594 5061 709 5118 incivili
722 5078 827 5135 genere
838 5080 935 5121 versa·
990 5065 1021 5121 iu
1036 5082 1125 5122 causa
1137 5066 1170 5137 (i)
1188 5067 1359 5125 constitutio
1374 5085 1433 5127 nna
1448 5069 1553 5126 idonea
1567 5075 1615 5127 est
1640 5072 1814 5128 constituere

110 5160 169 5222 tur,
186 5154 323 5210 continue
339 5152 486 5218 decurrit3
503 5168 537 5207 ea
552 5168 616 5223 ques
633 5167 689 5206 non
702 5160 744 5206 sat
757 5151 784 5205 in
802 5152 936 5209 civilibus
991 5172 1120 5211 causam.

111 5243 220 5308 causis,
232 5240 460 5313 interrogatione
470 5236 934 5310 etrespousioueexplioatur.Sed
1026 5244 1052 5298 9.
1069 5244 1142 5308 Quid
1158 5244 1249 5317 igitur
1263 5251 1309 5302 est
1323 5247 1506 5305 dicendum?
1527 5248 1611 5306 Patet
1639 5249 1688 5307 via
1703 5245 1812 5308 rationi.

145 5366 183 5437 (a)
199 5365 283 5434 God„
296 5365 362 5422 itta.
1026 5366 1062 5436 (f)
1077 5364 1160 5435 eod,
1177 5383 1244 5423 nom
1259 5368 1289 5422 in
1303 5367 1427 5424 exordiis
1440 5367 1508 5427 sint.

157 5438 183 5508 b)
199 5438 281 5502 cod..
296 5437 356 5493 itta.
1026 5437 1061 5578 ἕω
1077 5437 1158 5504 cod,
1174 5453 1281 5494 eorum.

155 5509 178 5577 c)
195 5513 271 5563 Num
288 5525 338 5579 pro
353 5507 468 5563 retitur?
1037 5508 1068 5577 t)
1082 5507 1168 5565 Deest
1183 5510 1211 5565 in
1227 5509 1292 5567 cod.
1306 5509 1458 5568 rhetoricae.

144 5582 171 5646 (d
197 5582 241 5634 Ita
254 5580 319 5635 cod.
334 5583 372 5633 At
387 5579 474 5645 inira,
490 5575 605 5633 hisdem.
1026 5581 1059 5650 (i)
1075 5579 1156 5648 cod„
1170 5595 1294 5638 musam.

145 5650 172 5722 (c
193 5651 277 5720 cod,
288 5653 317 5707 st
332 5665 384 5721 pro
399 5663 475 5721 quse·
