3892 6126
113 262 181 317 1305

428 260 464 314 IN
485 260 617 315 strauit
637 260 682 316 na
702 258 842 316 DUABUS
862 255 1015 313 NATURIS
1033 256 1078 310 ET
1097 256 1167 312 UNA
1187 255 1350 312 PERSONA
1370 254 1509 311 CHRISTI

1756 255 1821 310 lette

111 387 364 439 luisselormatam.
381 384 600 436 Sedhocrelelli
629 389 718 449 potest
747 385 799 434 hac
821 395 940 448 quasse-
955 383 978 448 Α
1028 381 1084 430 h'oa
1112 380 1612 443 ascmdirincaehim,etetSitemea
1645 379 1729 446 hujus
1753 394 1826 431 erro·

111 460 332 527 quitarratione,
349 458 477 523 quonism
507 459 695 517 scilicethaec‚
721 459 790 507 sicut
817 456 856 506 illi
882 456 939 519 opi·

113 539 222 592 nentur,
239 534 343 582 noviter
359 530 474 579 lormata
504 543 576 590 cero,
594 535 641 580 aet
656 530 693 579 ite
723 530 781 578 vise
804 532 843 577 εει
858 524 942 576 ocalis

113 605 465 665 hominum.utpularetrrr
495 615 554 651 esse
584 602 638 651 lale
664 616 761 663 eorpus
791 601 862 665 quad
895 612 943 661 per

113 677 273 740 originalem
288 672 499 737 assumptionem
517 674 550 723 ah
568 673 679 722 honrtue
694 671 829 722 «liceretur
850 671 943 720 huma·

115 763 189 805 num,
204 747 277 811 quod
291 750 383 795 temen
400 758 503 801 revera,
516 744 567 794 hoc
596 748 637 794 est
659 742 772 793 serilale
793 743 870 792 dietas
889 743 941 790 eri-

115 819 194 883 ginis,
211 831 267 867 non
283 820 353 866 esset
381 816 540 873 humanum,
571 817 671 878 quippo
698 814 770 879 qaod
800 828 853 863 uon
883 813 942 863 dieo

116 891 182 941 nulli
198 904 296 954 prmum,
311 888 358 937 scd
372 887 431 936 dico
445 887 511 936 nulli
527 886 649 949 originali
675 900 763 951 paenae
781 886 942 949 subjaceret,

115 962 188 1026 qaod
207 960 356 1010 saecundum
380 958 461 1022 hujus
490 959 619 1020 temporis
644 961 743 1007 statum
769 956 944 1019 probabiliter

116 1032 306 1096 adjungimus3
333 1037 377 1079 nul
403 1044 473 1078 nova
498 1029 621 1093 quasdam
650 1034 748 1091 proeler
776 1029 941 1090 originalem,

114 1108 145 1153 ut
160 1104 260 1153 dictum
277 1104 326 1159 εει,
342 1101 563 1162 assumptionem,
580 1114 640 1165 qaae
657 1112 711 1149 noa
741 1100 796 1148 sola
815 1100 944 1161 opinione

115 1174 229 1232 dicatur,
245 1173 291 1222 sed
307 1174 396 1234 reipsa
419 1179 452 1221 sit
483 1186 548 1220 vera
569 1171 688 1221 hominis
705 1177 810 1232 natura,
827 1171 859 1219 ed
875 1175 943 1219 tem-

115 1259 166 1309 pus
180 1245 295 1295 formata
311 1249 367 1300 est;
387 1257 438 1292 nec
452 1243 595 1306 subjacens
611 1256 698 1306 poenas
727 1241 867 1306 originalis
883 1255 944 1303 pre·

116 1319 176 1375 eati,
192 1319 243 1368 hoe
267 1323 307 1366 est
329 1330 389 1380 quae
420 1330 469 1379 pro
495 1320 607 1379 peceato
630 1317 776 1379 primorum
801 1318 944 1377 pareumm

117 1389 244 1439 omnibus
259 1403 292 1439 ex
307 1390 345 1437 cis
362 1402 409 1451 per
425 1388 670 1450 concupiscentiam
694 1384 854 1449 genitis,qui
866 1385 944 1433 etiam

117 1462 177 1512 ldee
192 1460 319 1524 originali
344 1464 472 1509 leuentur
503 1464 590 1513 reatu,
616 1461 717 1509 inllicla
746 1463 794 1508 est.
823 1460 944 1507 Sensus:

119 1532 181 1580 llaec
196 1532 302 1580 noviter
318 1528 466 1578 seeundum
480 1527 586 1592 aliquos
614 1527 729 1577 {armeta
752 1541 815 1576 cero
838 1527 945 1587 Christi,

120 1608 166 1653 eut
181 1602 237 1650 visa
251 1605 292 1650 εει
306 1600 377 1664 quod
393 1612 447 1647 nou
464 1599 523 1655 suit,
545 1598 670 1648 videlicet
682 1612 741 1647 esse
761 1612 808 1660 per
826 1600 946 1661 origina-

120 1673 172 1723 lem
188 1673 398 1734 assumptionem
429 1671 462 1719 ab
491 1669 601 1719 herniae
632 1683 731 1730 corpus
758 1669 947 1728 hominis,aut

120 1746 190 1793 sicut
202 1758 256 1792 nen
270 1743 328 1799 luit,
345 1755 395 1791 aec
411 1741 468 1790 risa
496 1744 537 1790 est
565 1740 648 1790 luisse
670 1740 703 1789 ab
719 1740 847 1801 hemtae;
863 1741 908 1791 sed
925 1741 984 1813 siss

122 1815 178 1864 viss
192 1819 232 1863 est
247 1812 320 1877 qaod
335 1825 390 1861 non
403 1810 465 1872 luit,
481 1810 537 1861 imo
549 1810 571 1859 si
592 1811 664 1871 quod
690 1811 746 1860 visa
761 1821 801 1861 εει
815 1825 870 1861 εεε
888 1812 945 1869 ιειι,

121 1887 220 1936 scilicet
238 1900 286 1949 per
299 1887 512 1946 assumptionem
529 1884 627 1933 laetam
656 1884 688 1933 eh
718 1883 827 1934 homine
854 1900 948 1935 rerum

120 1959 359 2019 hominiscorpus,
389 1955 519 2005 Divinitas
551 1961 642 2019 aperte
674 1956 796 2020 arguitur
824 1957 948 2018 mentita,

120 2044 181 2097 quae
197 2028 369 2089 ostenderet;
385 2029 462 2091 quasi
479 2043 484 2077 :
501 2028 539 2077 Eo
555 2028 628 2092 qaod
651 2030 806 2078 estenderet
828 2029 947 2079 homini·

120 2103 375 2165 hus,pereasquas
405 2100 493 2149 solent
522 2113 580 2148 esse
609 2098 749 2149 hominum
780 2100 947 2161 originaliter

120 2177 319 2236 assumptorum
347 2172 533 2233 proprietates,
560 2185 660 2234 eorpus
690 2172 761 2235 quod
793 2187 847 2221 nea
877 2178 948 2223 esset

119 2242 473 2306 verum,qualiterdictum
490 2242 605 2299 est,hoc
633 2248 683 2304 est,
709 2256 757 2306 per
787 2245 947 2307 assumptio·

121 2330 181 2367 near
194 2316 289 2364 laetam
305 2314 339 2361 ab
355 2312 463 2362 homine
482 2328 598 2375 eorpus;
624 2318 651 2363 ει
674 2328 733 2363 eum
755 2328 809 2364 nou
826 2320 897 2365 esset
911 2317 947 2365 ita

122 2398 225 2439 rerum,
242 2388 298 2432 tum
321 2382 480 2432 fallerentur
504 2383 530 2431 hi
556 2382 602 2445 qui
627 2384 837 2434 seeundumlrac
853 2400 946 2435 veram

122 2468 181 2504 esse
196 2452 400 2503 arbitrarentur.
413 2455 446 2501 Al
467 2455 488 2502 si
511 2468 591 2511 nera,
605 2461 702 2516 prester
725 2459 947 2520 assumptionum,

121 2538 238 2590 veraque
254 2525 341 2584 reipsa
356 2538 409 2572 uon
425 2538 455 2573 ει
480 2524 589 2574 ιιεειιεε
616 2532 723 2588 euurpm
749 2541 810 2576 earo
832 2527 947 2577 lermeta

124 2601 172 2652 εει,
188 2610 252 2659 quo,
266 2593 293 2643 id
310 2600 350 2645 est
367 2595 399 2644 ed
417 2595 492 2657 εειιι,
502 2600 528 2645 ει
544 2595 621 2659 eujus
647 2595 772 2647 utilitatis
788 2612 877 2654 eausa,
890 2605 947 2649 teu·

123 2682 203 2732 quam
214 2668 253 2716 rei
268 2667 345 2717 lactas
360 2667 421 2716 llcte
435 2672 484 2724 est,
500 2670 585 2728 tanta,
601 2667 626 2716 id
643 2672 682 2717 εει
697 2673 737 2719 tet
759 2684 945 2736 personarunt,

122 2739 211 2788 velah
226 2738 372 2792 Abraham,
384 2738 468 2788 veleb
486 2738 569 2788 Adam
585 2754 668 2802 usque
690 2743 722 2790 ad
746 2742 880 2792 Christum
903 2759 945 2807 ge-

123 2808 271 2863 nerationis
286 2809 494 2873 ejustragtndia,
517 2811 566 2859 hee
591 2815 631 2860 εει
655 2811 693 2860 εει
709 2813 776 2863 adeo
797 2815 946 2867 allectante

123 2880 273 2930 humiliatio
283 2883 295 2930 ι
307 2885 335 2931 ιιι
349 2881 395 2929 ille
409 2881 486 2944 cujus
499 2883 640 2943 generatio
662 2887 720 2932 erat
740 2884 799 2935 sine
815 2889 944 2950 tempore,

122 2958 297 3018 generaretur
314 2953 342 3003 in
358 2959 487 3018 tempore.
504 2954 553 3004 Uhi
570 2958 620 3015 εει,
636 2956 714 3019 eujus
738 2958 862 3009 videlicet
893 2961 946 3010 uti-

996 451 1034 502 ris
1046 452 1105 510 luit,
1122 454 1283 503 uteredeiet
1299 466 1397 515 corpas
1413 452 1511 503 Christi
1527 466 1582 503 non
1607 466 1675 503 vere
1696 452 1779 502 inisse
1793 466 1825 502 ex

994 525 1113 587 homine,
1129 525 1176 575 sed
1191 528 1329 587 sumptum
1345 539 1377 574 es
1393 530 1465 575 terre
1491 526 1612 583 aliunde,
1629 530 1711 588 atque
1735 538 1751 575 e
1771 524 1825 575 Deo

994 598 1138 647 ιυειεειεει
1155 600 1181 646 ιε
1200 598 1277 653 eoelo,
1292 598 1365 661 quod
1380 598 1419 646 illi
1439 596 1540 647 idcireo
1570 600 1659 648 risum
1679 597 1763 647 ιειεεε
1785 599 1825 645 ri·

994 669 1081 726 detur,
1099 671 1225 733 quoniam
1242 675 1312 720 recte
1330 669 1449 719 creditur
1473 670 1594 720 Christus
1624 685 1687 720 oum
1711 684 1824 733 certiore

995 741 1131 791 iucoelaui
1148 741 1311 797 ascendisse,
1337 746 1364 790 et
1391 745 1469 806 putat
1492 756 1553 792 com
1583 756 1618 792 eo
1644 755 1707 791 cum
1725 742 1826 805 quode

996 813 1061 862 cralo
1077 814 1272 873 descenderet;
1288 813 1361 877 quod
1377 814 1429 863 tale
1446 815 1598 878 exemplum
1616 816 1755 870 continet,
1778 814 1829 864 hoe

996 885 1123 948 estquod
1140 883 1298 949 haeeipsius
1315 884 1456 947 hvangelii
1489 886 1572 935 verbe
1601 885 1760 950 significare
1788 885 1828 933 vi·

997 956 1102 1012 deutur,
1122 954 1221 1019 quihus
1237 958 1292 1018 ipse
1308 956 1430 1005 Christus
1444 957 1490 1013 eil,
1506 958 1560 1006 ita:
1575 957 1638 1006 Nou
1659 957 1787 1006 escendit
1799 955 1826 1005 in

997 1026 1102 1083 coelam,
1120 1027 1170 1076 uisi
1183 1026 1229 1089 qui
1247 1027 1387 1077 descendit
1402 1027 1435 1076 dc
1451 1028 1529 1076 εεειε.
1545 1028 1624 1086 Quod
1644 1027 1728 1091 louge
1751 1027 1827 1078 aliter

997 1095 1177 1160 intelligitur:
1196 1112 1257 1147 uam
1274 1099 1306 1147 de
1321 1098 1425 1147 Chrislo
1440 1104 1466 1148 et
1480 1101 1608 1149 omnibus
1624 1099 1766 1149 salvandis
1780 1099 1828 1149 hoc

998 1168 1160 1231 dictumest,
1178 1173 1204 1218 et
1219 1173 1261 1218 εει
1274 1169 1419 1218 verberum
1444 1172 1544 1220 veritas
1566 1169 1778 1235 irrefragabilis,
1806 1170 1825 1219 si

998 1240 1057 1302 quis
1073 1252 1127 1288 ιιεε
1143 1241 1244 1289 nesciat
1259 1255 1327 1298 eum,
1342 1255 1402 1304 qaae
1416 1245 1456 1291 εει
1480 1243 1583 1291 ratione
1609 1242 1746 1290 consortii
1765 1243 1827 1306 capi·

998 1309 1031 1357 tis
1047 1313 1073 1357 el
1087 1311 1279 1367 membrorum,
1293 1309 1493 1375 junctissimam
1509 1310 1654 1361 unitatem.

1030 1379 1083 1427 Sed
1094 1388 1169 1442 satta,
1185 1379 1248 1448 etc]
1276 1380 1407 1444 Superior
1434 1388 1536 1442 auctor,
1564 1383 1664 1432 volens
1694 1382 1827 1445 disputare

999 1459 1092 1503 contra
1118 1455 1274 1518 opinionem
1303 1455 1374 1504 illsm
1402 1468 1455 1518 qua
1484 1455 1553 1506 lorte
1580 1458 1644 1520 quis
1675 1460 1757 1520 pulsi
1781 1456 1827 1507 ha-

999 1539 1106 1575 manum
1135 1530 1259 1575 naturam
1290 1524 1318 1576 in
1349 1525 1453 1576 Christo
1484 1528 1566 1578 luisse
1606 1542 1664 1577 εεε
1706 1544 1722 1577 a
1751 1527 1827 1578 lteris

999 1601 1132 1661 sumptam
1148 1597 1271 1647 dividens
1286 1599 1322 1648 ila
1333 1598 1388 1647 ait:
1418 1596 1501 1648 Natus
1533 1613 1566 1649 ex
1588 1600 1681 1650 hieria
1701 1600 1827 1657 Christus,

998 1673 1045 1718 aut
1073 1670 1106 1718 ab
1137 1683 1169 1718 ea
1197 1682 1306 1719 carnem
1335 1669 1480 1719 humanam
1509 1670 1598 1727 ιεειιι,
1629 1678 1680 1721 εει
1714 1671 1825 1720 minime.

1000 1738 1104 1788 Deinde
1122 1739 1293 1790 contraillos
1320 1739 1367 1804 εει
1394 1744 1490 1803 patent
1514 1744 1588 1805 quod
1610 1757 1627 1792 a
1650 1741 1827 1792 Marianrioi·

1000 1824 1042 1861 me
1057 1810 1176 1870 traxerit,
1193 1810 1351 1875 disputavit,
1378 1815 1406 1861 ει
1435 1825 1482 1875 per
1510 1813 1590 1876 plura
1609 1828 1674 1878 quie
1691 1813 1827 1876 indepre-

998 1880 1090 1931 venire
1104 1881 1231 1932 videatur
1247 1883 1476 1943 inconvenientia,
1492 1883 1656 1947 opinionem
1681 1886 1757 1936 illam
1780 1899 1826 1935 on·

999 1954 1064 2004 nino
1078 1953 1250 2017 improbarit.
1269 1953 1346 2004 Unde
1371 1968 1444 2004 nunc
1467 1954 1500 2004 ad
1524 1956 1606 2006 eliam
1629 1955 1774 2020 praedictas
1789 1956 1826 2005 di·

998 2026 1112 2077 risiouis
1141 2033 1244 2090 partem
1272 2027 1367 2076 volens
1398 2028 1522 2091 transire,
1549 2034 1577 2081 et
1606 2044 1732 2081 errorem
1755 2037 1826 2095 Euty·

999 2100 1055 2149 chis
1069 2100 1102 2150 de
1118 2104 1275 2150 naturarum
1290 2100 1318 2149 in
1329 2099 1434 2151 Christo
1455 2107 1516 2163 post
1537 2106 1772 2154 resurrectionem
1786 2105 1825 2155 ed·

1000 2171 1100 2223 unione
1116 2173 1264 2228 destruere,
1290 2171 1329 2222 ait
1352 2172 1405 2222 ita:
1432 2173 1483 2223 Sed
1508 2174 1574 2225 setis
1596 2176 1705 2226 dictum
1728 2179 1826 2227 videtur

999 2246 1031 2295 de
1046 2259 1077 2295 ee
1092 2244 1232 2295 divisionis
1248 2250 1332 2308 parte,
1349 2245 1372 2294 si
1397 2245 1522 2296 videlicet
1546 2262 1651 2312 cerpus
1669 2250 1827 2314 quodChri-

999 2324 1056 2368 stas
1070 2319 1185 2381 excepit,
1208 2331 1263 2366 nen
1287 2318 1413 2369 credetur
1439 2326 1608 2383 assumptum
1631 2336 1666 2371 ex
1693 2321 1786 2373 hieria.
1800 2322 1823 2373 si

997 2406 1063 2442 vero
1078 2395 1247 2454 assuurptem
1263 2405 1294 2440 er
1318 2390 1418 2453 llaria;
1443 2394 1641 2456 ceullrmetive,
1668 2410 1720 2459 pro
1744 2411 1775 2446 er
1788 2396 1824 2447 di·

997 2463 1041 2521 cil,
1059 2464 1443 2528 siessmnplumest,qussi:
1468 2464 1544 2523 Quod
1576 2468 1673 2531 atique
1704 2475 1753 2525 est,
1780 2482 1824 2519 ue·

998 2549 1050 2600 que
1068 2535 1137 2585 sicut
1158 2535 1292 2600 Eutyches
1317 2535 1365 2595 eit,
1395 2538 1543 2600 permensit
1570 2540 1697 2602 perlecta
1715 2543 1825 2593 hanam

997 2606 1145 2671 divinaque
1158 2613 1264 2671 natura,
1280 2608 1307 2658 id
1323 2610 1418 2668 trihus,
1435 2620 1485 2659 etc.
1509 2612 1732 2675 Disputationem
1755 2628 1824 2664 susm

997 2678 1168 2730 adivisioue
1197 2679 1303 2744 incipit,
1334 2687 1361 2733 st
1389 2683 1488 2733 divinae
1514 2684 1701 2750 humanaeque
1730 2693 1825 2739 nature

997 2752 1216 2815 coniunctionem
1238 2754 1264 2803 iu
1293 2754 1480 2816 christeque
1504 2771 1586 2821 supra
1613 2765 1717 2812 contre
1739 2760 1827 2810 Nesto·

998 2823 1201 2889 riomnonper
1226 2827 1424 2891 appositionem
1453 2844 1524 2887 esse,
1553 2832 1597 2881 hie
1629 2837 1729 2883 eontra
1751 2832 1826 2895 scry-

996 2896 1132 2945 chenuon
1150 2910 1209 2947 esse
1236 2912 1286 2961 per
1316 2900 1529 2951 commistionem
1559 2902 1823 2955 ostendit.Commi·

996 2969 1047 3018 stio
1077 2981 1195 3032 iramque
1218 2976 1260 3020 est
1282 2984 1329 3033 per
1354 2973 1580 3035 compositionem
1607 2976 1737 3027 conlusio
1771 2990 1826 3041 qest

120 3025 204 3075 litatis
219 3025 271 3074 line
301 3025 350 3075 luit
376 3030 467 3075 tantus
498 3026 614 3075 ambitus
645 3026 835 3091 passionis,ad
864 3045 945 3095 quam
999 3041 1165 3090 conuiciis
1184 3040 1563 3108 tribusmodtafir,siignuf
1581 3048 1609 3097 jn
1628 3047 1739 3099 emmo
1762 3050 1825 3099 dm.

121 3095 224 3147 oblatus
240 3096 332 3154 luisse,
348 3096 411 3160 quia
425 3097 512 3146 voluit
527 3098 643 3146 dicitur?
660 3098 778 3149 Sensus:
796 3104 853 3162 Qua
875 3104 943 3154 utili·
959 3097 981 3163 C
1000 3128 1035 3163 na
1050 3114 1222 3179 humanaque
1241 3121 1338 3167 aarum
1364 3132 1413 3180 per
1437 3119 1656 3171 commistionem
1677 3123 1824 3186 conjunc„

120 3173 175 3218 tate
184 3169 268 3218 relisit
280 3170 356 3232 pati?
372 3170 425 3231 Ege
436 3168 537 3233 quippe
549 3174 622 3230 peto,
639 3184 672 3220 ne
698 3169 725 3222 in
750 3173 858 3227 homine
882 3179 944 3243 qui·

121 3239 181 3289 dem
197 3242 242 3304 qui
258 3245 346 3303 petest
370 3254 468 3296 errare,
494 3241 595 3290 nedum
624 3240 651 3290 iu
676 3242 732 3292 Deo
755 3248 801 3308 qui
826 3262 880 3298 uon
899 3265 946 3314 po-

121 3315 182 3364 test,
199 3325 252 3359 nan
269 3310 432 3371 staltelleri,
450 3311 522 3373 quod
553 3312 685 3362 inutiliter
713 3315 812 3366 laetam
841 3325 889 3370 εει.
917 3323 944 3373 Sl

122 3383 184 3444 quis
199 3396 261 3429 vero
276 3380 348 3430 dicat
362 3381 433 3443 qued
448 3383 504 3430 haec
514 3382 611 3431 Christi
628 3398 682 3433 nou
694 3398 727 3435 ex
751 3387 860 3440 homine
876 3392 945 3444 lecte

122 3453 280 3513 incarnatio,
297 3455 323 3501 et
339 3452 458 3514 ejusdem
475 3454 627 3503 voluntaria
641 3459 729 3518 passio
754 3460 856 3511 utiliter
875 3465 945 3515 lecta

124 3528 173 3581 eat,
189 3537 280 3587 quaro
295 3522 328 3572 ad
343 3537 424 3587 qaam
442 3524 581 3574 utilitatem
599 3526 670 3576 lacte
692 3530 849 3591 probabitur
871 3539 945 3587 tante

124 3594 263 3645 humilitas
289 3593 431 3654 Divinitas,
461 3595 533 3657 quod
567 3598 692 3648 videlicet
719 3601 790 3650 licus
817 3610 945 3666 aeternas,

125 3666 466 3729 temporalitergeneratas
490 3672 517 3716 et
546 3680 641 3730 passas
668 3670 711 3726 sit,
741 3671 763 3720 si
792 3673 873 3727 hemo
897 3676 945 3741 qni

122 3738 202 3801 periit
216 3740 327 3801 peccato
353 3739 499 3800 primorum
527 3744 678 3801 parentem,
704 3747 841 3806 tcaipereli
864 3763 945 3811 gene-

120 3808 224 3860 ratione
239 3822 269 3858 ac
282 3808 408 3871 passione
429 3809 525 3859 Christi
554 3824 608 3859 non
636 3817 676 3861 εει
704 3814 840 3866 salvatus?
868 3820 943 3877 Quod

119 3878 214 3942 utique
225 3880 373 3930 secundum
389 3879 495 3944 aliquos
508 3895 562 3931 uon
578 3887 627 3944 est,
643 3887 769 3946 quoniam
785 3893 818 3937 ab
843 3889 882 3938 eis
900 3904 944 3941 ne-

120 3957 198 4009 getur
212 3965 270 4001 esse
285 3951 383 4001 Christi
400 3966 432 4002 oa
449 3967 508 4017 qaas
525 3959 565 4004 cst
589 3957 738 4007 secundum
764 3974 870 4010 caruem
898 3979 943 4027 ge·

117 4025 259 4073 neratione
273 4029 435 4086 assumptas.
450 4026 554 4075 llursus
578 4027 668 4089 igitur,
697 4031 767 4080 sicut
794 4047 869 4083 error
889 4034 942 4085 Eu·

115 4094 212 4158 tychis.
231 4096 304 4160 qaod
323 4097 349 4144 in
381 4098 599 4158 precedentibus
628 4100 730 4150 dietum
754 4110 802 4160 est,
829 4109 943 4169 sumpsit

115 4167 278 4230 principium
294 4166 435 4217 abeodem
452 4168 525 4217 lame
543 4184 632 4221 causes
653 4185 668 4221 a
694 4187 748 4236 quo
773 4175 886 4227 Nestorii
903 4193 941 4227 er-

114 4239 246 4302 ror.quie
270 4239 371 4288 scilicet
396 4244 509 4302 uterque
529 4255 583 4290 uon
608 4246 684 4303 putat
707 4257 829 4296 naturam
855 4249 941 4313 dupli·

116 4322 173 4360 cem
190 4324 247 4360 esse
262 4312 290 4359 in
303 4312 392 4374 aliquo
405 4311 464 4362 siue
493 4313 595 4376 dapssia
613 4317 671 4365 iane
698 4331 829 4380 personae,
848 4321 884 4370 ita
906 4322 939 4372 ed

115 4383 239 4432 eumdem
256 4384 335 4433 finem
351 4384 490 4443 relabitur,
507 4392 536 4436 ιιι
561 4387 687 4441 νιιιειιεει
710 4395 937 4454 quemadmodum

998 3188 1070 3242 sunt,
1082 3187 1108 3234 id
1120 3199 1172 3234 nou
1186 3188 1237 3235 nisi
1251 3187 1338 3236 tribus
1350 3187 1419 3237 ellici
1442 3189 1530 3252 potuit
1552 3192 1644 3242 modis
1655 3207 1662 3253 ;
1675 3199 1703 3242 et
1718 3194 1823 3255 quibas.

998 3254 1130 3305 divisione
1146 3257 1272 3318 declarat,
1286 3256 1396 3308 dicens:
1415 3258 1469 3310 Aut
1490 3260 1563 3310 enlm
1587 3262 1719 3313 divinitas
1740 3269 1822 3314 trans·

998 3327 1049 3378 lata
1063 3333 1104 3376 εει
1120 3329 1146 3377 ιε
1164 3325 1369 3385 humanitatem,
1392 3335 1438 3380 eut
1462 3332 1617 3382 humanitas
1643 3335 1673 3384 in
1701 3335 1823 3385 divinite·

998 3403 1059 3454 tem,
1076 3404 1122 3449 aut
1154 3404 1275 3463 utraeque
1303 3401 1341 3450 ita
1366 3401 1395 3450 ia
1421 3416 1449 3452 εε
1478 3408 1639 3466 temperatas
1670 3412 1824 3471 cantetque

998 3472 1155 3530 commistae,
1185 3477 1213 3520 ut
1239 3476 1335 3522 neutra
1369 3473 1520 3524 substantia
1551 3480 1662 3527 teneret
1692 3480 1822 3541 propriam

997 3543 1118 3592 lerinam.
1141 3543 1187 3591 llie
1215 3543 1360 3594 dicendum
1388 3547 1504 3605 videtur,
1533 3549 1606 3611 quod
1639 3564 1738 3600 eorum
1768 3564 1822 3614 qun

996 3627 1058 3663 vere
1076 3615 1223 3664 miscentur
1236 3628 1381 3677 corporum
1415 3622 1528 3677 εειειεε,
1559 3632 1616 3668 non
1648 3621 1702 3670 nisi
1725 3635 1774 3685 per
1786 3623 1824 3670 de·

996 3684 1210 3735 nominationem
1237 3686 1365 3737 dicuntur
1393 3688 1521 3748 miseeri;
1560 3704 1610 3753 per
1642 3693 1823 3757 subiectorum

996 3760 1086 3807 temen
1103 3770 1245 3821 corporum
1261 3757 1411 3817 misturam,
1427 3764 1497 3810 reete
1520 3765 1548 3811 et
1568 3762 1675 3827 absque
1703 3763 1822 3815 denomi-

996 3828 1114 3878 nationis
1129 3834 1207 3893 tropo
1235 3828 1364 3881 dicuntur
1394 3832 1533 3882 conlundi.
1559 3835 1592 3885 Ut
1621 3836 1723 3887 albedo
1748 3838 1821 3887 etni-

995 3902 1265 3965 gredonequaqaam
1296 3903 1452 3964 miscentur,
1482 3904 1613 3967 quoniam
1646 3908 1821 3972 incorporales

995 3978 1067 4029 ειιει,
1084 3972 1137 4021 alhi
1155 3977 1244 4022 tamen
1263 3978 1343 4036 alque
1358 3975 1427 4033 nigri
1444 3977 1623 4038 permistione
1651 3980 1819 4030 conlaudan-

994 4049 1046 4093 tur.
1063 4045 1146 4106 igilur
1161 4044 1217 4094 sola
1232 4044 1278 4094 illa
1292 4059 1353 4109 quas
1370 4052 1442 4104 sunt,
1459 4048 1582 4107 miseeri;
1612 4048 1664 4100 illa
1688 4067 1754 4103 vere
1769 4053 1820 4116 qai·

992 4116 1044 4165 has
1071 4121 1142 4177 suat,
1173 4116 1309 4166 conlundi
1340 4119 1506 4182 contingere.
1534 4118 1614 4170 Unde
1650 4122 1818 4174 macilentum

992 4192 1033 4238 εει
1047 4187 1119 4249 qued
1137 4187 1264 4237 diviuitas
1287 4193 1315 4238 ει
1334 4188 1490 4239 hnmanitas
1511 4192 1623 4254 quaeda
1641 4194 1750 4245 Christo
1763 4209 1818 4245 rere

992 4261 1182 4324 praedicantur,
1199 4261 1227 4310 in
1242 4262 1361 4324 ipsorum
1378 4275 1434 4311 non
1449 4261 1510 4311 dico
1526 4277 1580 4313 non
1598 4272 1685 4325 reete,
1710 4271 1757 4319 sed
1775 4283 1818 4319 nes

992 4330 1073 4380 etiam
1091 4330 1306 4394 denominative,
1335 4333 1388 4382 diei
1416 4339 1530 4397 possunt
1559 4336 1585 4385 in
1619 4353 1651 4388 se
1674 4344 1818 4403 perniciei

992 4415 1080 4466 usqae
1097 4416 1162 4451 vero
1178 4401 1224 4451 Dei
1241 4408 1321 4466 utque
1349 4405 1466 4454 hominis
1490 4407 1517 4455 in
1541 4407 1640 4457 eodem
1657 4410 1750 4475 alique
1764 4427 1816 4475 per·

114 4455 263 4504 secundum
279 4455 440 4515 Nestorium,
457 4459 493 4507 ite
508 4473 616 4525 quoque
631 4466 779 4513 secandum
799 4466 937 4531 Eutychen
955 4464 978 4529 D
994 4472 1121 4522 mistione
1137 4473 1266 4536 conluere,
1281 4475 1606 4540 quoniamipsequidsm
1635 4480 1711 4533 Deus
1739 4483 1819 4534 etho-

114 4526 430 4588 genushamauumnon
449 4529 687 4592 sitsalvstum;et
708 4550 789 4587 uuum
809 4538 941 4591 hociule-
998 4558 1039 4592 iao
1055 4548 1102 4601 εει,
1118 4542 1164 4607 εει
1193 4544 1243 4593 sihi
1267 4543 1329 4608 ipsi,
1358 4545 1461 4596 etiamsi
1492 4550 1647 4601 secundum
1678 4568 1709 4604 se
1740 4561 1817 4607 lotum

115 4599 198 4652 ratae,
214 4599 310 4659 repetit
335 4599 450 4649 diceus:
480 4602 622 4660 Quoniam,
654 4611 800 4659 secuudum
826 4609 939 4669 eun1,si

113 4670 202 4715 ιειεεε
218 4668 276 4718 laec
292 4669 350 4732 ejus
365 4670 416 4719 luit
431 4670 532 4733 opiam,
552 4687 606 4722 aon
622 4680 663 4725 est
688 4679 787 4728 Christi
815 4682 939 4732 incarna-

113 4737 364 4800 tioneassnmptus.
381 4742 404 4788 is
432 4744 477 4805 εει
507 4751 579 4794 esset
605 4761 684 4809 inger,
701 4749 727 4798 id
756 4757 796 4801 εει
822 4752 940 4803 ιιεειεεε

112 4808 273 4870 εειιειειιιιε,
286 4824 347 4872 qum
362 4812 390 4859 in
406 4813 500 4876 primis
516 4819 682 4879 parentibus,
704 4826 730 4871 ει
759 4825 886 4888 deinceps
910 4827 938 4875 in

112 4879 282 4929 omuibusex
299 4882 336 4930 eis
363 4897 411 4946 per
440 4887 685 4948 concupiscentiam
717 4897 860 4956 generatis,
883 4899 939 4946 orl·

112 4950 194 5015 ginali
224 4956 300 5000 reatu
328 4957 494 5015 tenerentur,
525 4963 551 5006 ει
579 4959 702 5024 originali
731 4966 794 5015 vitio
821 4968 936 5031 infirma,

112 5020 284 5087 passionibus
307 5022 474 5087 lahorasset;
501 5034 526 5078 et
557 5028 617 5080 ideo
640 5034 790 5086 salvatione
818 5052 936 5103 curaque

112 5092 189 5153 (ordo
199 5094 342 5144 verborum
354 5108 502 5148 conversas
515 5104 563 5161 εει,
576 5115 623 5164 pro
642 5118 707 5153 curs
725 5107 935 5174 salvationeque)

111 5167 202 5228 egeret
217 5178 223 5213 ι
241 5179 313 5223 εειε,
331 5170 360 5216 ει
375 5166 418 5215 hic
433 5169 548 5232 qualiter
575 5179 711 5225 auctorem
735 5193 814 5229 suam
836 5183 936 5236 celeret

112 5235 304 5297 instrueretur,
333 5244 424 5289 reatus
448 5246 522 5291 certe
546 5247 723 5305 promissione
744 5249 932 5313 dimitteretur,

109 5310 337 5371 concupiscentiae
363 5312 444 5360 ardor
469 5311 655 5375 minoraretur,
671 5323 805 5380 postremo
829 5340 861 5374 ea
878 5331 933 5376 tolo

109 5378 272 5442 ornnisejus
301 5381 334 5430 ad
363 5384 529 5445 peccandum
561 5393 657 5446 iactas,
687 5395 713 5440 ει
742 5393 932 5449 eliamvitium

109 5450 431 5510 tolleretur3selvatioue
448 5470 519 5515 vcro,
547 5464 576 5508 ut
604 5474 651 5521 pro
675 5471 783 5524 peccalo
806 5482 859 5518 εεε
886 5485 932 5534 prr·

109 5520 223 5584 niretur,
239 5527 266 5572 et
281 5536 336 5572 non
355 5526 434 5575 modo
453 5529 511 5577 sine
527 5536 644 5592 peccati,
661 5547 753 5587 reram
774 5537 854 5588 etiem
874 5545 932 5590 sine

108 5588 306 5656 inquietatione
317 5594 408 5657 alique
426 5596 554 5661 deinceps
571 5608 731 5654 servaretur.
749 5609 821 5658 llaec
839 5616 930 5661 aetem

109 5664 281 5722 sententiam,
296 5665 562 5728 qeodChristusnon
581 5680 756 5737 assumpserit
778 5692 876 5743 corpus
898 5697 930 5732 ex

109 5731 229 5793 homine,
243 5736 350 5786 videtur
364 5737 499 5798 Eutyches
516 5743 626 5795 traxisse
651 5751 756 5811 (scripte)
785 5763 816 5798 ex
843 5753 931 5802 verbis

108 5800 245 5868 Evangelii
254 5807 376 5865 loannis,
389 5805 435 5857 ubi
445 5810 639 5880 legituripsum
650 5815 796 5872 Dominum
818 5822 926 5875 dixisse.

993 4629 1139 4678 corporeas
1156 4622 1235 4672 esset,
1254 4617 1408 4679 permisceri
1438 4632 1492 4668 non
1518 4627 1622 4684 posset.
1637 4625 1733 4677 Omnis
1754 4630 1816 4677 enin

993 4687 1134 4750 permistio
1165 4685 1335 4738 diversorum
1363 4696 1412 4741 est.
1443 4690 1495 4742 Sed
1531 4706 1623 4756 neque
1650 4698 1680 4747 in
1703 4699 1818 4749 illosant

994 4773 1065 4807 uuus
1082 4761 1127 4822 qui
1142 4758 1215 4808 Deus
1230 4762 1273 4815 sit,
1303 4767 1330 4810 et
1357 4762 1422 4813 alter
1443 4765 1490 4826 qni
1514 4763 1550 4815 sit
1571 4766 1657 4818 hemo
1674 4784 1681 4818 :
1697 4785 1816 4833 quorum,

991 4829 1096 4879 ειιειιιεί
1112 4831 1169 4879 lieri
1201 4837 1300 4895 posset,
1318 4837 1491 4897 permistione
1521 4837 1651 4888 diriuitas
1676 4848 1704 4891 et
1732 4844 1815 4892 hunre-

991 4901 1063 4950 nitas
1091 4902 1246 4952 dicerentur
1269 4905 1469 4957 denominative
1508 4909 1669 4970 permisceri
1700 4921 1728 4965 ει
1754 4920 1816 4964 εεειε

990 4973 1129 5033 conlundi,
1146 4976 1222 5037 quasi
1252 4980 1341 5025 lamen
1372 4979 1400 5026 iu
1423 4978 1470 5028 illo
1496 4980 1550 5028 siut
1565 4994 1657 5032 unum
1673 4985 1815 5050 quidquod

989 5043 1023 5093 sit
1036 5044 1116 5102 Dens,
1132 5053 1158 5094 et
1171 5046 1244 5095 aliud
1259 5049 1331 5110 qaod
1349 5048 1383 5097 sit
1399 5049 1488 5099 homo.
1504 5052 1548 5101 Sic
1560 5053 1590 5101 in
1616 5056 1745 5119 quolibet
1763 5060 1817 5107 het

988 5113 1061 5164 mine
1079 5121 1119 5165 est
1133 5116 1263 5180 quiddam
1278 5120 1352 5181 quod
1367 5126 1407 5171 est
1421 5123 1523 5178 aalma,
1541 5129 1568 5172 et
1592 5124 1672 5176 aliud
1695 5131 1769 5193 quod
1783 5144 1808 5181 es

988 5201 1094 5250 corpus,
1110 5189 1143 5238 de
1158 5203 1273 5252 quorum
1288 5188 1417 5242 videlieet
1431 5195 1476 5243 Dei
1505 5200 1533 5244 et
1556 5195 1682 5250 hominis
1705 5204 1734 5253 in
1747 5204 1813 5253 Chri·

988 5263 1028 5308 sto
1044 5260 1218 5322 permistione
1231 5261 1384 5324 disputans,
1401 5264 1491 5314 dicat:
1520 5272 1567 5316 εει
1586 5266 1665 5320 Ιιεεε
1691 5288 1720 5322 ιε
1737 5275 1814 5325 homi·

985 5345 1021 5381 ne
1035 5333 1182 5382 trerrslatus
1198 5340 1246 5389 est,
1266 5336 1407 5385 anthemo
1431 5338 1458 5386 in
1479 5339 1573 5396 Derim,
1599 5349 1649 5393 eut
1669 5345 1812 5411 utriqueie

985 5416 1013 5450 se
1027 5403 1064 5450 ita
1080 5405 1221 5466 temperati
1236 5410 1315 5469 etque
1331 5408 1477 5464 commisti,
1498 5414 1527 5457 ul
1552 5417 1655 5462 neuter
1683 5420 1812 5481 propriam

984 5472 1235 5524 lormamrclineat.
1263 5477 1304 5526 Sic
1332 5477 1537 5530 denominative
1566 5481 1603 5532 de
1634 5485 1776 5539 divinitate
1791 5487 1814 5538 el

984 5544 1149 5596 humanitate
1164 5547 1284 5611 loquitur
1301 5549 1409 5610 dicens,
1427 5557 1474 5601 εει
1488 5550 1621 5606 divinitas
1640 5556 1670 5608 in
1701 5560 1816 5613 humani·

984 5620 1063 5665 lateus
1080 5619 1209 5668 translata
1224 5625 1274 5680 εει,
1286 5625 1337 5668 ειε.

1014 5688 1066 5736 Sed
1078 5691 1101 5737 si
1112 5690 1246 5752 alicianus,
1262 5690 1324 5757 etc]
1349 5692 1377 5741 Si
1406 5701 1579 5758 assumptum
1608 5704 1654 5753 εει
1682 5716 1718 5755 ex
1736 5704 1814 5757 Merit

983 5770 1080 5818 corpus
1095 5758 1203 5820 Christi,
1220 5774 1309 5825 neque
1334 5766 1396 5825 post
1418 5767 1651 5822 resurrectionem
1672 5774 1815 5837 permansit

985 5830 1106 5891 perlecta
1138 5831 1259 5883 humane
1300 5834 1445 5899 divineque
1484 5842 1596 5900 uetere,
1641 5846 1739 5910 quihus
1772 5848 1817 5901 hoe
