3892 6126
51 270 109 329 213
564 275 605 329 nt
621 272 854 331 camuouras
872 274 1105 331 autmurucrs
1122 274 1191 331 um.
1212 276 1260 329 tv.

52 400 113 471 pat,
127 396 198 454 dure
211 400 283 454 snut
292 396 474 466 differentis,
486 412 550 470 qum
559 397 669 469 juncis
681 396 882 469 superioribus
897 400 923 468 Α
973 399 1051 468 Quod
1063 409 1155 454 nutem
1166 402 1292 471 nequent
1301 399 1445 454 contraria
1457 408 1637 471 opponuntur
1648 418 1692 470 ec,
1708 420 1772 476 quae

53 486 487 561 quinquepertlciuut.idcircu
499 486 577 543 enim
593 487 888 559 qniddistarathabi-
938 490 1088 543 secun-tum
1108 488 1294 558 privationem
1308 497 1334 543 rt
1349 488 1474 543 tntum
1497 490 1639 557 dicuutur,
1667 512 1706 549 ru
1729 495 1772 556 iris

54 580 104 634 tua
117 582 210 649 atque
226 575 362 648 privatio,
377 592 412 632 cu
426 575 609 649 oppositione
628 592 691 647 qnae
707 576 827 632 relativa
842 581 887 632 esi
941 577 1120 644 morriiostum
1134 587 1182 633 cst.
1200 578 1322 645 Quorum
1332 580 1407 632 onim
1421 580 1626 635 corrtrcriorum
1641 583 1721 638 rriiril
1730 592 1769 639 est

57 664 317 740 pretermisimus,
328 665 466 737 quonlam
479 665 558 737 prius
574 666 803 722 monstravimus
813 667 883 738 quid
939 668 1071 732 mediisin,
1087 683 1193 722 necesse
1206 675 1245 723 cst
1262 670 1292 721 iu
1308 668 1406 737 quitus
1421 673 1487 723 nutu
1502 673 1564 723 suni
1581 670 1654 741 fieri,
1670 679 1721 727 out
1736 672 1769 729 dc

56 754 183 814 rotatim
191 756 338 827 oppositio
349 756 387 810 ab
398 755 497 811 habitu
510 754 730 828 privationeque
740 756 885 825 ditlerret3
941 757 1039 826 quitus
1053 758 1254 827 prudicnrtum
1274 763 1393 811 niter-um
1409 760 1531 829 ipsorum
1546 761 1635 816 inesse
1647 778 1767 835 semper,

58 862 114 904 uon
131 844 268 901 estenim
284 844 408 900 dubium
419 859 533 917 aequam
546 860 611 901 essa
624 845 652 901 in
665 845 799 917 utrisque
810 846 889 902 ditis-
941 846 1038 902 torum
1052 848 1126 902 euim
1142 845 1213 900 aiiii
1229 857 1289 900 arnt
1299 848 1432 909 mediam,
1449 865 1565 921 quorum
1581 851 1701 907 aiterum
1718 870 1767 909 uc-

54 934 197 997 mutiam,
213 949 282 990 cum
295 934 401 989 nnaab
411 933 470 991 alia
484 933 703 1006 discrepaverit.
720 935 888 991 Rcatntnna
940 938 1090 992 cessarium
1104 941 1163 991 erni
1178 938 1266 991 inesse
1277 937 1459 1007 susceptioni,
1476 942 1506 992 at
1519 940 1680 1010 irruptionem
1690 947 1770 999 otru-

55 1022 120 1081 solu
129 1022 311 1088 differentia,
323 1037 389 1093 qus
399 1028 443 1079 cst
451 1024 665 1079 contrariorum
677 1024 889 1080 ndattlrmaiio-
940 1028 1066 1091 nitatem,
1084 1029 1109 1081 ei
1126 1027 1216 1095 impar
1234 1034 1261 1080 ei
1284 1042 1344 1096 pur.
1362 1030 1486 1095 Quorum
1509 1044 1574 1084 nero
1597 1030 1709 1100 aliquod
1730 1038 1769 1088 esi

54 1127 121 1169 uem
132 1109 889 1186 scilicetetnegationem3praetermissanamqueest
941 1115 1071 1184 medium,
1099 1131 1243 1186 uunquam
1267 1114 1413 1170 rrecessitus
1438 1125 1477 1170 cst
1498 1120 1578 1174 orsini
1597 1119 1771 1189 susceptibili

56 1199 279 1259 matrariornm
295 1198 467 1269 differentia,
483 1201 519 1257 de
539 1200 659 1257 relativa
673 1201 785 1258 scilicet
798 1207 827 1258 at
842 1219 888 1258 εε-
942 1206 1031 1260 inesse
1044 1205 1174 1271 atterum,
1188 1206 1362 1276 nequeenim
1374 1220 1482 1260 neeesse
1496 1210 1535 1261 esi
1549 1222 1628 1263 omne
1637 1211 1771 1275 suscepti·

55 1289 192 1347 candum
203 1287 340 1345 habitum
353 1288 605 1362 privationemque
614 1290 887 1363 oppositione‚qnid
944 1293 1157 1350 iiicoundidum
1168 1294 1210 1349 osi
1222 1310 1334 1362 mqrum
1345 1309 1413 1360 esse,
1427 1310 1513 1366 neque
1521 1297 1668 1366 trepidum,
1681 1314 1769 1370 reque

54 1378 115 1437 heac
130 1378 275 1450 superius
288 1394 305 1434 ι
317 1377 523 1435 contrarietate
537 1380 672 1446 distaret,
688 1385 887 1437 monstratum
941 1383 1072 1453 calidum,
1090 1382 1189 1437 iorum
1204 1381 1279 1438 caim
1295 1382 1418 1438 medium
1432 1383 1541 1455 aliquid
1555 1386 1627 1440 nihii
1641 1387 1768 1457 prohibet

53 1474 109 1525 cst.
123 1470 225 1533 Quare
239 1468 381 1540 quoniam
401 1475 472 1540 quoi
496 1474 565 1524 sunt
588 1468 693 1524 hurum
716 1470 887 1526 differentias
940 1488 1009 1540 esse,
1024 1472 1287 1528 trorumeiinmcrct
1299 1471 1412 1543 aliquid
1428 1472 1561 1538 medium,
1578 1490 1696 1546 quorum
1711 1492 1765 1533 nou

52 1555 886 1629 cognitumast,adsequentisoporisordiuemveniamus.
941 1562 1768 1632 erutueccssnriumuiterumtriessesusceptititi‚preteritis

941 1652 1215 1723 quibusnuturutitrr
1226 1666 1313 1705 urum
1324 1652 1405 1716 inest,
1415 1655 1446 1705 ut
1456 1653 1521 1724 iqm'
1528 1650 1653 1706 calidum
1666 1661 1767 1719 essuri

941 1741 1003 1796 uiui
1016 1739 1176 1796 candidum.
1192 1740 1222 1794 lu
1239 1738 1281 1794 iris
1296 1737 1372 1793 euim
1387 1738 1566 1795 determinare
1580 1744 1768 1798 successorium

943 1839 984 1885 est
998 1830 1117 1885 aiterum
1131 1830 1254 1883 irroraret
1267 1843 1321 1883 nor
1332 1828 1513 1897 atterutrum,
1525 1845 1579 1883 nou
1592 1831 1669 1885 cuim
1679 1831 1768 1901 possi·

943 1918 999 1974 tito
1012 1925 1050 1973 esi
1065 1920 1156 1989 ipuem
1178 1915 1398 1988 impletumque,
1421 1933 1508 1988 neque
1530 1920 1621 1973 nivem
1645 1922 1767 1987 ciprum.

944 2009 1034 2076 Quare
1044 2007 1122 2063 omni
1135 2006 1245 2078 quidem
1259 2005 1431 2078 susceptibili
1449 2023 1505 2063 neu
1521 2017 1560 2063 est
1582 2011 1768 2065 necessarium

942 2098 1062 2152 niteram
1076 2111 1168 2151 eorum
1180 2096 1278 2159 inesse,
1293 2095 1340 2150 sed
1360 2095 1451 2151 scium
1474 2096 1575 2167 quitus
1595 2098 1767 2155 naturaiiter

943 2203 1030 2243 unum
1045 2185 1125 2253 inest,
1137 2184 1180 2240 tis
1198 2183 1381 2240 determinate
1405 2200 1501 2254 unum,
1516 2201 1570 2242 rou
1595 2186 1767 2245 ulimmrum

943 2278 1032 2332 inesse
1045 2275 1189 2345 coutinqit.

904 1786 928 1851 B

91 2426 176 2499 papa
186 2419 408 2493 autsmpriontio
422 2413 573 2474 attolitur
587 2427 646 2467 uon
661 2410 702 2465 sic
716 2407 891 2479 opponuntur
977 2398 1174 2457 prolixitatem
1192 2402 1288 2455 textus
1303 2397 1412 2454 idcirco
1436 2399 1566 2455 contraxi
1596 2401 1673 2472 qnod
1690 2408 1717 2456 et
1732 2417 1766 2457 aa

57 2522 88 2575 Ι
100 2511 275 2587 adotiquid,
285 2506 529 2578 munitatumcsir
543 2499 717 2573 nequeenim
727 2492 891 2551 dicituritoc
942 2488 1007 2564 ipsa
1018 2507 1081 2562 qus
1092 2488 1231 2544 dicuntur
1241 2505 1330 2559 supra
1337 2488 1574 2560 jamdictasuut.
1588 2507 1640 2546 nec
1654 2491 1768 2563 longior

57 2606 150 2679 ipram
165 2601 240 2677 qaod
253 2602 294 2657 cst
308 2595 436 2668 oppositi,
451 2596 527 2651 risus
547 2591 621 2648 erim
635 2603 691 2643 rou
705 2589 743 2642 est
757 2582 891 2642 caecitau's
942 2582 1012 2637 ordo
1029 2580 1121 2651 possit
1135 2579 1251 2651 aliquod
1268 2595 1364 2634 creora
1379 2579 1541 2649 fastidium,
1554 2583 1630 2653 quod
1645 2598 1697 2637 nos
1715 2582 1768 2637 hac

58 2698 144 2763 mssa,
159 2708 213 2749 racc
226 2691 286 2746 aiio
299 2688 378 2743 auito
386 2683 465 2741 modo
476 2682 512 2737 od
523 2677 736 2752 ipsumdicr'tur.
753 2673 891 2730 Similiter
941 2674 1036 2726 textus
1048 2669 1191 2724 divisione
1206 2668 1402 2740 sejunximus.
1422 2668 1455 2723 ut
1467 2669 1548 2740 prius
1564 2671 1682 2741 quidem
1701 2687 1768 2742 pro-

58 2795 153 2843 utam
167 2796 257 2855 aeque
271 2779 392 2841 cerritus,
406 2773 452 2831 scd
465 2772 585 2845 privatio
600 2759 889 2840 quidem‘visuscaeci·
941 2761 1024 2831 pouit
1036 2767 1102 2814 aute
1116 2758 1218 2813 oculos
1233 2772 1336 2813 omnes
1348 2756 1425 2811 iuter
1439 2773 1470 2812 se
1487 2758 1700 2813 contrariorum
1712 2758 1769 2814 dit·

59 2868 353 2938 flammescunt
367 2879 430 2921 vero
440 2865 576 2919 mousson
590 2855 703 2913 dicitur.
721 2850 845 2922 impitus
854 2848 891 2904 cd
943 2847 1091 2913 terentiae,
1113 2863 1187 2918 quas
1209 2846 1271 2919 ipse
1296 2850 1441 2916 quantum
1468 2850 1569 2914 potero
1594 2846 1769 2903 brevissime

60 2959 170 3037 stipaid
184 2957 294 3021 omnim
304 2954 446 3024 reciproce
455 2950 597 3015 dicuntur,
608 2959 694 3017 quare
706 2946 731 2999 ei
741 2939 851 2998 caecitcs
865 2937 891 2994 si
941 2935 1177 2992 commemorabo
1194 2951 1201 3001 ;
1217 2933 1258 2989 nit
1272 2933 1351 2988 anim
1360 2932 1575 2988 contrariorum
1587 2949 1652 3004 qun
1665 2934 1770 2989 mediis

59 3055 236 3110 metrorum
250 3059 314 3118 quse
324 3042 360 3099 ud
372 3038 481 3114 sicquid
491 3041 566 3105 survi,
581 3035 675 3106 utique
684 3031 891 3088 conuerteretur
942 3029 1041 3082 carent
1056 3039 1171 3095 semper
1191 3022 1316 3078 atterum
1331 3022 1427 3077 inesse
1442 3021 1467 3076 et
1484 3023 1561 3093 qnod
1577 3021 1644 3077 illas
1658 3028 1770 3079 contra·

60 3140 93 3200 sd
105 3137 182 3198 iliud
195 3134 234 3193 ud
246 3132 319 3208 quod
331 3130 449 3198 dicitur,
463 3126 510 3184 sed
527 3141 582 3182 nou
607 3122 788 3189 convertitur,
803 3132 889 3191 reque
903 3146 925 3213 c
943 3114 1061 3170 uiciniae
1076 3112 1226 3184 suscipere
1242 3114 1347 3183 potest,
1370 3114 1402 3165 ut
1425 3108 1567 3184 egritudo
1594 3115 1624 3166 et
1645 3111 1769 3181 sanitas,

59 3230 128 3289 ain
143 3241 224 3286 orsus
237 3222 343 3280 dicitur
353 3219 488 3278 resumtis
503 3216 589 3272 visus.
944 3203 1081 3274 quoniam
1092 3199 1246 3271 semperin
1256 3197 1522 3270 animaliscorpore
1533 3198 1725 3270 repertionem
1735 3216 1770 3257 aa

90 3320 126 3377 Et
140 3320 251 3375 cmtera
264 3310 384 3385 quidem
394 3323 459 3380 quar
474 3308 544 3363 suut
558 3300 723 3359 dltlersniia
736 3296 889 3371 perspicue
943 3293 1007 3349 siue
1023 3290 1082 3347 ullo
1097 3296 1142 3345 esi
1152 3289 1292 3345 adversus
1307 3303 1395 3344 suum
1407 3287 1587 3344 contrarium
1600 3288 1706 3347 medio.
1723 3289 1768 3346 ld.

59 3406 197 3483 vupcrlus
206 3403 239 3460 iu
249 3397 465 3458 contrariorum
477 3391 642 3451 differentia
652 3384 891 3458 relativaoppoui·
943 3382 1114 3439 circoomue
1124 3395 1232 3451 corpus
1241 3375 1378 3433 animalis
1390 3392 1505 3447 semper
1516 3385 1566 3434 aut
1575 3383 1705 3451 agmini,
1717 3381 1770 3436 ant

59 3499 135 3557 dona
150 3498 222 3552 aute
234 3488 386 3565 promissa
400 3488 480 3542 suut.
496 3482 589 3539 Unam
608 3492 737 3551 namque
751 3475 889 3532 differan-
944 3486 1050 3528 saunm
1066 3472 1122 3535 est,
1138 3472 1167 3524 et
1186 3483 1303 3537 semper
1326 3464 1450 3522 alierum
1477 3471 1529 3522 ant
1553 3467 1692 3524 sanitatis
1715 3473 1768 3526 ant

59 3588 129 3645 tiam
139 3580 364 3642 contrariorum
377 3573 631 3643 relativorumque
641 3566 714 3624 dixit
723 3581 798 3635 ease,
811 3562 890 3636 qnod
945 3557 1329 3633 sgritudiuiainesteiqnod
1340 3556 1393 3612 has
1405 3556 1767 3628 suscipitoouirarieiaics.

61 3670 207 3733 mniraria
225 3686 283 3726 nou
299 3666 340 3723 ita
354 3669 387 3722 ui
397 3679 430 3720 ea
445 3663 592 3736 qnoesuut
602 3658 637 3714 ad
650 3654 762 3729 aliquid
774 3668 893 3710 conver.
946 3651 1052 3707 llorum
1068 3664 1134 3704 vero
1150 3645 1362 3703 contrariorum
1375 3662 1439 3719 que
1451 3645 1560 3702 habeut
1569 3646 1697 3720 aliquam
1707 3663 1768 3705 me·

62 3768 200 3823 mentm.
215 3757 317 3832 Neque
328 3754 408 3813 euim
424 3751 493 3826 quis
507 3747 679 3823 pronuntiat
690 3743 832 3801 malitiam
846 3741 893 3797 bo·
947 3739 1095 3805 dietatem,
1111 3754 1168 3794 uon
1186 3752 1304 3792 necesso
1314 3738 1360 3791 est
1373 3751 1489 3808 semper
1499 3736 1624 3792 atterum
1637 3738 1733 3794 inesse
1743 3737 1771 3793 εἰ

64 3854 161 3913 nitatis
171 3865 241 3909 esse
253 3844 408 3910 malitiam,
421 3856 517 3914 neque
527 3837 689 3895 bonitatem
701 3832 819 3889 malitia
828 3846 892 3887 esse
948 3828 993 3884 cui
1002 3826 1148 3891 accidunt,
1161 3830 1193 3880 ui
1204 3824 1537 3897 aiunmatqnenigrum,
1550 3826 1685 3883 cumsint
1695 3831 1773 3883 utra·

65 3924 893 4004 iontmcam,rainiariampanisassentiam,rursusqns
946 3913 1772 3988 queconirnria‚quonlamhabentaliqnammedietatem,

67 4036 175 4106 patrem
193 4025 249 4083 fllii
272 4027 397 4098 patrem.
412 4019 521 4075 Eadem
537 4029 654 4088 quoque
674 4017 703 4067 et
721 4011 751 4067 in
767 4010 893 4082 hisque
948 4012 981 4063 nt
996 4007 1131 4072 rubrum,
1145 4006 1375 4060 veniuutautem
1389 4021 1506 4077 semper
1520 4005 1550 4060 in
1566 4022 1697 4078 corpora,
1714 4023 1773 4063 non

67 4096 897 4189 mundumprivationemhabitumqueredduntur,dlci-
949 4093 1772 4167 necesaeeatomuacorpusssari‚autalbumautniprum

67 4213 107 4267 tur
124 4203 306 4267 differentia.
326 4200 400 4257 Nam
424 4196 501 4253 elcut
514 4210 549 4251 ea
563 4209 627 4263 que
643 4189 761 4247 suntad
783 4187 893 4261 aliquid
949 4187 1088 4259 quoniam
1103 4189 1200 4257 potest
1215 4183 1549 4256 aliqnandocontingara
1561 4190 1593 4239 ut
1604 4183 1655 4240 ins
1670 4201 1771 4242 eorum

12 4284 19 4359 r
68 4296 208 4375 opposita,
224 4293 382 4352 adversum
397 4285 557 4358 semetipsa
567 4281 744 4342 redduntur,
760 4278 896 4335 otomnia
949 4276 1093 4334 medietas
1104 4273 1217 4346 corpori
1229 4273 1349 4329 cuilibet
1365 4272 1488 4330 eveniat.
1500 4276 1596 4345 atqua
1606 4273 1662 4330 hoc
1672 4274 1714 4330 jin
1729 4278 1775 4330 οδε

12 4368 19 4413 ³
69 4384 254 4461 adoppostta
268 4380 477 4456 predicantur,
492 4390 552 4430 uon
568 4371 669 4428 eodem
686 4368 772 4425 modo
788 4366 817 4422 in
838 4366 895 4422 ha·
949 4365 1109 4438 initaque
1126 4362 1774 4434 mediononcarent‚qunipsamediatavo-

69 4476 124 4536 utu
135 4482 229 4549 aequa
239 4468 403 4547 privatione
413 4456 747 4522 estltulluscnimdioit
758 4454 896 4511 cecitatis
951 4471 1063 4523 camus,
1079 4452 1207 4524 exceptis
1222 4452 1269 4508 his
1281 4451 1389 4523 quibus
1401 4467 1460 4507 nna
1470 4454 1659 4509 contrarietas
1674 4458 1719 4509 m
1730 4454 1777 4510 in.

13 4522 17 4577 Ρ
69 4580 127 4625 nra
140 4564 255 4632 visum,
271 4573 325 4615 neo
342 4570 448 4612 rursus
462 4551 545 4608 viena
559 4564 625 4607 esse
640 4545 809 4603 cecitatem.
825 4546 899 4610 Quo.
914 4522 936 4587 D
952 4544 1011 4601 sita
1026 4543 1237 4615 peracturum,
1254 4544 1287 4596 ut
1302 4540 1353 4595 nix
1366 4539 1499 4608 alhaum,
1511 4539 1589 4613 ignia
1605 4541 1728 4597 calidus,
1746 4543 1777 4597 qn

13 4694 16 4709 ι
69 4654 314 4722 amaraque
328 4633 900 4711 anutrelrtiraadoppositapradicau·
954 4633 1002 4688 his
1025 4631 1104 4688 enim
1129 4645 1220 4686 unam
1246 4645 1363 4700 semper
1379 4644 1497 4684 necesse
1521 4633 1566 4685 est
1588 4628 1704 4686 evenire
1719 4646 1777 4687 uon

13 4718 15 4765 ἔ
68 4752 120 4817 tur,
129 4735 359 4807 conversimque
371 4726 735 4801 dicuutur(cumeuimsit
745 4723 899 4796 oppositus
954 4721 1054 4791 aliam,
1070 4736 1121 4776 uec
1138 4718 1321 4785 utrumlibet,
1337 4720 1388 4773 sed
1399 4718 1524 4774 dittlnite
1535 4735 1634 4776 unam.
1652 4720 1683 4775 ld
1697 4721 1776 4778 enim

68 4834 124 4893 lllc
138 4836 237 4908 pater,
251 4831 335 4900 pater
349 4821 402 4879 tllil
416 4820 537 4889 dicitnr,
554 4814 707 4873 scillcctad
718 4813 897 4886 oppositum.
953 4828 1012 4868 non
1028 4808 1149 4866 venitin
1166 4809 1276 4881 ignem,
1293 4807 1497 4879 utaliquando
1512 4808 1553 4863 sit
1567 4807 1706 4877 calidum,
1722 4810 1778 4865 ali.

67 4912 418 4993 mnumueconrartitur
428 4901 897 4981 utpatrisliliusappelletnrpqno·
952 4899 1071 4974 qnando
1086 4898 1237 4971 trigidum,
1251 4896 1409 4968 aliquando
1425 4913 1489 4952 vcro
1505 4897 1583 4968 quod
1599 4898 1702 4954 horum
1715 4916 1776 4956 ma.

67 5014 146 5071 uiam
156 5010 216 5067 luae
229 5006 261 5063 iu
271 5003 318 5060 hia
333 5016 399 5074 qus
410 4993 654 5056 suutsccuudum
666 4992 857 5065 privationem
869 4993 898 5046 et
952 4989 1046 5045 dictas
1056 4992 1100 5044 eat
1111 4985 1254 5059 tepidum,
1268 4985 1319 5042 sed
1330 5001 1447 5056 semper
1461 4986 1587 5041 naturali
1599 4987 1694 5044 calore
1709 5004 1777 5045 suo.

1717 278 1864 355 cri¹

66 5098 203 5159 habitum
215 5110 274 5151 uon
290 5089 409 5147 dicitnr.
420 5086 521 5159 Neque
532 5084 610 5140 euim
622 5097 688 5138 cnm
704 5080 742 5137 sit
756 5081 837 5137 visua
849 5096 897 5151 op·

65 5190 185 5267 puteas
194 5180 332 5250 recitati,
342 5177 506 5236 meandum
517 5171 708 5247 privationem
720 5175 808 5242 atquo
819 5168 897 5224 habi·

64 5286 130 5339 tam
145 5276 257 5336 dicitur
271 5271 352 5329 deus
363 5264 516 5333 cecitatis,
527 5264 555 5320 id
568 5265 775 5333 ostnnnqnam
792 5275 895 5315 secun·

64 5368 229 5428 domums
239 5358 455 5437 oppositionem
465 5352 577 5426 aliquid
588 5351 713 5424 oppositi
723 5349 897 5422 pretiantur

65 5450 362 5533 umneconvertitum
373 5461 469 5520 nequo
478 5442 675 5501 euimdicitur
683 5438 895 5508 rusticarisne,

66 5556 149 5608 recte
164 5540 290 5619 privatio
300 5535 518 5613 rtqnahablius
529 5548 587 5589 nou
598 5531 628 5588 iu
639 5532 742 5588 eadem
753 5545 811 5602 qua
822 5526 895 5584 rela-

66 5640 141 5708 tiva,
155 5632 210 5693 sed
224 5632 256 5689 lu
268 5628 328 5688 alta
340 5625 437 5703 specle
448 5625 604 5683 numerata
617 5626 698 5681 suut.

951 5078 1105 5147 conditur;
1122 5092 1174 5131 nec
1191 5078 1241 5130 nix
1256 5074 1415 5146 aliquando
1430 5072 1462 5129 fit
1478 5074 1573 5145 nigra,
1594 5093 1647 5132 neo
1673 5094 1777 5135 rursus

951 5167 1052 5235 rubea,
1066 5182 1119 5222 uec
1134 5163 1203 5220 ullis
1218 5162 1285 5219 aliis
1298 5162 1446 5219 coloribus
1459 5169 1654 5234 permutatur,
1671 5166 1723 5222 sed
1734 5184 1780 5224 ao·

950 5255 1012 5313 lum
1029 5255 1221 5327 semperalba
1236 5258 1290 5309 est.
1309 5256 1379 5308 Cum
1398 5253 1457 5308 trec
1468 5252 1505 5307 ita
1517 5254 1588 5322 sint,
1604 5272 1638 5310 aa
1649 5273 1713 5327 qne
1731 5274 1777 5313 sn.

950 5346 1081 5402 cundum
1095 5344 1226 5401 habitum
1238 5343 1488 5413 privationemque
1500 5350 1698 5416 opponuntur,
1711 5347 1735 5401 si
1747 5350 1777 5403 ei

950 5437 987 5493 ab
1002 5435 1049 5491 his
1060 5434 1215 5490 contrariis
1227 5432 1336 5489 distare
1352 5436 1513 5486 {constrata
1526 5433 1586 5487 siut
1597 5450 1660 5504 qnae
1673 5434 1779 5490 mediis

950 5531 1061 5592 carent,
1073 5531 1101 5581 et
1112 5525 1148 5579 ab
1160 5525 1206 5580 liis
1219 5523 1369 5596 quaeintrs
1379 5538 1411 5577 se
1425 5522 1581 5593 qunmd-im
1592 5524 1776 5579 medietatem

949 5614 1103 5690 qualitatis
1114 5614 1286 5682 includunt,
1296 5611 1368 5669 stab
1379 5611 1427 5667 his
1438 5628 1632 5685 qnoquequae,
1642 5628 1710 5668 cnm
1721 5630 1779 5673 mn·
