3892 6126
130 226 199 283 ¹315

554 211 590 267 IN
610 204 743 266 tthutttt
761 197 932 270 QUOMODO
951 194 1174 257 SUBSTANTIAE
1192 198 1394 259 adhaesisti

1761 204 1827 261 itit

131 350 260 418 explicari
286 349 408 413 possunt,
433 343 560 403 cognatos
589 351 647 388 esse
677 346 833 393 sermones;
873 334 900 379 et
930 330 952 378 si
966 324 1127 393 Arcadem,
1144 329 1204 378 ideo
1220 329 1613 393 qundnonomnibusuotum
1639 328 1678 381 eit
1704 326 1754 381 iter
1781 332 1832 381 hu·

131 423 241 490 quando
256 418 430 484 proportione
446 412 559 464 rationis
573 408 685 471 alicujus
700 408 731 457 ud
750 419 809 455 eum
834 406 866 453 ah
895 402 953 486 aliis

131 495 279 557 contingat,
295 494 349 543 imo
376 500 485 538 necesse
515 481 645 533 sitveiba
672 479 813 531 transumi,
840 478 951 526 inextri-

131 569 231 619 cabiles
246 564 390 615 admodum
420 557 585 623 iiuaestiones
613 556 750 617 praestare.
781 548 955 628 llaectigitiir

132 643 197 689 aunt
223 635 362 699 sapientiae
387 632 413 680 in
434 628 554 690 qualibet
584 624 719 675 facultate.
736 622 782 671 scd
798 634 911 669 maxime
926 622 953 702 tn

132 710 287 771 theologigs
316 704 407 768 paucis
438 705 500 751 nota
529 702 769 757 secreta.quorum
796 693 955 769 qoiegloria

133 780 270 843 diguitatis
293 787 459 826 summorum
490 770 571 821 etiam
609 764 829 828 pbilosophorum
870 762 955 842 trah-it

133 850 346 903 admirationem,
363 847 396 895 nb
425 843 490 908 ipsis
504 837 643 915 παράδοξα
654 840 784 917 vocantur
799 849 815 917 :-
835 838 863 914 et
892 846 954 914 quia

134 927 264 987 priastant
288 918 462 985 questiones,
487 920 596 983 quaudo
616 914 754 967 translatis
790 906 955 957 dictionibus

133 998 333 1060 proponuntur,
345 985 513 1063 ἐμὸλήματα
528 990 570 1039 rel
580 986 769 1057 ἐνθυμήματα,
786 978 837 1027 hoc
848 982 955 1042 estpro.

131 1077 289 1139 positiones,
308 1074 444 1125 dicuutur.
474 1072 604 1131 Quoniam
632 1082 696 1118 vero
723 1064 781 1112 bec
806 1059 884 1109 altior
911 1060 954 1109 ln·

130 1147 279 1211 telligeutla
302 1143 417 1209 percipit
442 1156 490 1207 per
517 1140 704 1192 excellentiam
726 1126 885 1203 iOdnpa'dec,
903 1131 955 1180 boo

130 1230 171 1276 est
186 1226 385 1289 conceptiones,
401 1220 579 1272 nominantur
594 1234 600 1269 :
617 1220 710 1281 utique
734 1214 813 1275 longe
840 1211 954 1263 diversas

131 1297 165 1347 ab
179 1296 231 1346 illis
244 1293 470 1358 conceptionibus
494 1306 554 1356 quse
583 1289 761 1361 ἐνθυμήματα
776 1285 952 1363 appellantur.

130 1367 261 1417 Estenim
286 1367 401 1430 quodam
430 1364 673 1423 argumentationis
702 1371 797 1423 geniis,
825 1365 953 1420 quoniam

132 1445 196 1489 ante
222 1439 422 1489 conclusionem
453 1434 611 1517 liquatum
628 1432 713 1506 λόγῳ,
743 1430 767 1479 id
798 1432 839 1479 est
866 1438 954 1509 sermo

130 1525 190 1561 cum
215 1524 340 1560 aermnae
368 1511 527 1570 assumptio,
553 1504 655 1555 scilicet
681 1516 740 1552 oum
769 1503 954 1564 propositione

130 1582 322 1645 conjungitur:
341 1581 454 1640 ideoque
471 1581 528 1627 totu
540 1576 585 1626 ttta
597 1574 684 1625 oratio
712 1567 912 1642 συλλογισμός,
927 1564 954 1623 ill

130 1650 449 1703 estcollocutiodicitur.
472 1649 517 1697 Est
543 1661 608 1695 sero
640 1644 712 1695 aliud
743 1641 954 1702 argumentatio·

130 1725 290 1786 maganus,
322 1736 375 1784 quo
402 1726 464 1770 ants
494 1719 694 1768 conclusionem
719 1714 818 1778 aliquid
899 1782 903 1789 ἢ

130 1795 239 1853 dicitur,
255 1794 301 1843 sed
319 1792 393 1842 aliud
408 1794 480 1854 quod
494 1788 618 1838 similiter
632 1788 750 1837 dictione
764 1794 952 1849 esprouennum

129 1869 195 1919 erat,
211 1866 238 1913 ln
256 1865 345 1913 anima
362 1862 463 1925 absque
478 1860 597 1911 dictione
612 1863 741 1909 tenetur:
771 1862 808 1911 ot,
838 1859 879 1906 est
908 1854 953 1903 ho·

129 1949 184 1993 mo,
202 1932 657 1999 igiturestanimal.llicsuimex
685 1945 716 1979 eo
748 1928 820 1994 qood
850 1928 951 1978 dictum

128 2010 178 2065 ast,
193 2010 233 2058 cst
246 2006 325 2055 bomo
341 2022 348 2065 ς
364 2009 390 2055 et
406 2019 438 2054 er
453 2019 486 2053 oo
501 2002 573 2066 quod
592 2003 693 2062 absque
709 2003 825 2052 dictione
849 2000 951 2063 cogita·

128 2081 181 2141 tur,
198 2076 405 2134 scilicet,homo
435 2076 593 2126 naturaliter
622 2088 680 2123 esse
708 2073 817 2127 animal,
846 2071 952 2121 conclu·

129 2163 187 2198 sum
204 2152 253 2205 cst,
271 2153 312 2197 sst
329 2146 438 2197 animal.
454 2144 555 2197 idcirco
572 2149 628 2194 tots
642 2146 728 2194 oratio
746 2145 779 2193 ab
807 2142 850 2192 illa
876 2145 950 2206 parte

126 2219 321 2276 antecedentis,
337 2232 397 2282 qum
413 2220 471 2267 sine
498 2215 667 2281 expositione
694 2220 799 2265 tenetur
828 2213 856 2263 iu
890 2213 949 2261 ani·

127 2306 181 2345 ma.
198 2290 344 2364 ἐνθύμημα
357 2296 476 2341 vocatur.
493 2290 560 2340 Sunt
574 2294 601 2339 et
615 2288 667 2338 alia
684 2284 874 2358 ἐνθυμήματα,
889 2298 949 2349 quaa

127 2367 176 2413 siit
198 2363 276 2427 juata
303 2360 459 2423 qualitatem
487 2373 651 2410 summarum
680 2360 857 2409 oratoriarum
900 2357 949 2407 ali·

126 2433 469 2499 quidmantlrelinqount,
487 2436 515 2482 ut
535 2437 621 2481 mater·
648 2430 755 2493 diligit;
786 2435 833 2480 aut
860 2429 948 2480 inclo-

123 2505 199 2554 sione
228 2505 319 2567 aliqao
345 2504 396 2554 sub
421 2502 634 2564 interrogatione
664 2502 751 2565 posito
783 2501 948 2550 contrarium

123 2574 353 2639 intelligivolont,
372 2574 487 2638 utquod
517 2574 568 2621 scis
597 2572 713 2635 prodest,
744 2576 770 2621 et
798 2572 868 2635 quod
901 2584 947 2620 na-

123 2649 176 2697 acis
190 2661 245 2698 non
263 2648 349 2697 obest.
364 2646 415 2697 Sed
431 2644 502 2695 nulla
529 2644 627 2693 talibus
653 2645 876 2706 conceptionibus
904 2642 948 2692 di-

122 2717 212 2781 gaitae
225 2719 304 2768 inest.
328 2718 388 2767 Non
417 2717 488 2766 enim
519 2730 536 2765 a
563 2716 668 2764 ratione
698 2718 725 2763 et
752 2715 947 2764 consuetudine

124 2788 241 2853 vulgaris
255 2789 337 2839 stiam
353 2788 484 2838 sermonis
496 2785 647 2841 discedunt,
663 2798 749 2848 eoque
777 2787 862 2847 magis
889 2784 947 2835 illas

123 2860 150 2911 in
168 2866 257 2911 ments
275 2864 349 2910 tenet
366 2864 464 2918 orator,
482 2859 553 2922 quod
569 2858 733 2920 auperlluum
751 2857 821 2920 apud
847 2870 874 2905 se
901 2857 947 2920 jn-

123 2932 205 2988 dieat,
234 2948 279 2981 eas
308 2932 433 2981 omnibus
463 2934 542 2980 notas
569 2931 689 2979 oratione
715 2929 839 2991 proponi.
882 2930 946 2987 Qua

123 3003 385 3054 verobebdomades
413 3001 591 3066 appellantur,
621 3014 636 3049 a
667 3012 748 3050 sensu
781 2999 944 3064 simplicium

124 3076 235 3125 omnino
251 3075 343 3139 procul
358 3078 440 3124 sunt:
455 3076 482 3122 et
499 3071 545 3136 qui
561 3073 589 3121 in
605 3070 727 3135 plurimis
740 3069 980 3138 studueruntctc

122 3144 276 3209 sophisticis
293 3147 371 3196 etiam
390 3141 627 3195 exercitationibus
651 3141 755 3206 probati
785 3146 941 3205 paruerunt,

122 3230 214 3266 earum
237 3215 368 3266 miraculo
395 3219 608 3273 commoventur,
638 3217 664 3263 ct
692 3214 760 3262 sicut
787 3214 944 3275 praedictum

120 3292 169 3344 est,
196 3288 230 3337 ad
259 3289 376 3349 ipsarum
403 3283 656 3346 contemplationem
687 3296 741 3333 non
768 3282 820 3332 nisi
846 3297 945 3347 paucos

121 3370 222 3419 eosque
248 3357 325 3406 valde
354 3355 482 3419 probatos
505 3353 659 3403 admittunt.
688 3352 848 3417 Huiusmodi
882 3353 946 3403 mul·

120 3429 162 3474 tas
192 3430 338 3488 premente
370 3424 480 3473 Boetius
507 3424 645 3486 sapientise
671 3428 776 3473 amator
811 3423 901 3485 habet,
917 3428 946 3473 et

120 3496 241 3544 ltomauo
256 3494 354 3545 loanni
370 3495 485 3544 diacono
501 3496 545 3544 diii
564 3492 829 3561 piilsanti,diguoque
844 3494 886 3542 cul
897 3492 946 3541 ali·

119 3566 230 3628 quando
247 3565 407 3628 aperiretur,
426 3564 541 3628 qualiter
557 3569 660 3627 poteret
674 3564 701 3613 ia
718 3563 844 3615 naturali,
872 3564 944 3613 ideo·

120 3649 173 3699 qus
189 3634 338 3699 composito
354 3634 535 3699 labiicatoque
548 3647 682 3690 sermone,
694 3633 795 3698 aliquas
810 3634 944 3685 exerebat

119 3705 946 3770 Interquasnuaeratquadicebatureaquusauni,osseliona

119 3776 147 3825 in
158 3792 190 3826 eo
201 3778 272 3840 quod
284 3782 421 3836 sunt,cum
432 3782 522 3827 tameii
533 3792 586 3826 nou
603 3778 657 3825 sint
667 3776 854 3825 substantialia
863 3776 944 3826 bona.

118 3845 203 3906 Quam
219 3847 424 3899 admirationem
434 3848 543 3913 quidem
562 3849 740 3897 venerabatur
753 3848 882 3907 ioannes,
898 3848 944 3897 scd

118 3919 261 3969 aiei-itate
275 3935 370 3970 sensus
384 3920 465 3976 illios,
481 3920 657 3983 quarumdam
673 3917 808 3968 rationum
830 3920 876 3982 qui
905 3920 945 3968 ri·

119 3988 234 4041 debatur
251 3992 278 4040 in
295 4005 327 4042 ca
337 3991 488 4048 condictus,
500 3991 620 4054 ejusdem
631 3988 837 4052 intelligentiam
854 3990 945 4039 saclu-

119 4059 211 4110 dsbat.
227 4061 304 4112 llunc
318 4075 382 4124 argo
397 4062 562 4119 condictum,
578 4065 689 4124 rogatus
710 4061 743 4110 ab
772 4074 804 4108 eo
832 4059 944 4110 Boetius

119 4130 288 4195 primumilli
309 4134 469 4198 proposuit:
486 4139 515 4183 ut
532 4146 563 4182 ea
594 4145 655 4196 qum
683 4135 755 4187 aunt,
785 4145 839 4181 non
864 4132 944 4181 modo

118 4204 281 4270 lneoquod
298 4209 369 4260 aunt,
385 4219 479 4255 aarum
496 4203 575 4254 etiam
602 4203 677 4253 uullo
704 4203 784 4252 modo
814 4216 872 4253 csse
899 4204 946 4253 ho·

117 4288 163 4335 uo,
175 4276 354 4341 quarumdam
368 4276 519 4340 phantasiis
534 4277 669 4325 rationum
694 4273 832 4323 coiiclusii.
862 4274 944 4324 Dein·

118 4347 151 4397 de
166 4351 249 4397 totam
266 4348 348 4411 bulas
364 4347 515 4409 aenigmatis
530 4347 630 4396 nubem
654 4345 786 4395 divisione
815 4345 943 4403 decussit,

115 4417 198 4468 etsie
215 4419 247 4469 ad
268 4419 457 4480 hebdomadis,
473 4420 525 4469 hoc
540 4422 588 4473 est,
615 4414 801 4481 conceptionis
829 4416 980 4489 dignita-fl

119 4493 183 4545 tem.
196 4490 404 4555 intelligentiam
420 4491 479 4556 ejus
493 4490 610 4540 admisit.

148 4561 263 4610 Postulas
292 4561 355 4629 etc]
382 4562 451 4622 Ouid
479 4563 598 4612 loannes
622 4561 753 4611 diaconus
791 4564 873 4623 petat,
915 4564 942 4611 et

115 4630 180 4695 quld
196 4633 371 4682 selectorum
389 4647 470 4697 super
494 4633 545 4683 hoc
572 4632 681 4682 Boetius
709 4632 851 4695 spondeat,
880 4636 942 4683 tan·

116 4714 197 4764 quam
226 4702 302 4753 brari
333 4704 452 4769 prologo,
480 4718 534 4768 quo
549 4703 725 4754 attentionem
743 4702 801 4768 ejus
818 4716 878 4766 quia
901 4705 941 4753 in·

116 4772 256 4822 lormando
272 4775 456 4839 solvendoque
466 4774 624 4825 emblemate
646 4774 732 4835 magis
759 4777 817 4824 erat
847 4788 940 4824 neces·

115 4845 195 4901 saria,
214 4851 326 4904 moveat,
344 4848 481 4909 praemittit
496 4851 532 4903 :et
556 4847 607 4896 ait:
623 4845 755 4903 Postulas,
786 4845 861 4908 qusai
885 4859 941 4895 rem

115 4916 223 4965 anobis
237 4921 292 4968 tuse
308 4917 433 4969 amicitias
444 4919 573 4976 debitam,
604 4923 632 4967 ut
662 4931 743 4968 uuam
774 4931 806 4966 es
837 4918 941 4968 hebdo-

115 4986 240 5037 madibus
271 4990 381 5047 nostrls,
410 4988 535 5039 videlicet
566 4987 757 5039 obscuritatem
782 4988 942 5052 quaestionis

116 5058 390 5122 ejusqnaacontinet
413 5063 535 5119 modum,
564 5073 618 5123 quo
645 5060 746 5109 scilicet
772 5058 941 5116 substautias,

115 5132 142 5180 id
161 5137 279 5196 estquis
304 5133 332 5182 in
348 5133 516 5182 naturalibus
532 5147 574 5182 res
603 5133 779 5182 subsistentes
805 5131 941 5190 dicuntur,

114 5202 270 5257 boaiesiut,
287 5204 449 5267 incoquod
474 5204 536 5263 siut,
565 5217 626 5252 cum
652 5216 707 5251 non
738 5202 793 5253 siut
820 5204 942 5253 substan·

118 5275 191 5324 tiolis
207 5276 349 5335 hous,hoc
364 5281 413 5331 est,
431 5289 491 5324 com
507 5274 615 5324 bouitas
631 5276 688 5338 ipsa
704 5290 757 5324 non
789 5276 822 5325 sit
848 5289 940 5325 eorum

116 5346 150 5394 ds
177 5348 276 5409 quibus
305 5348 467 5410 predicatur
491 5346 694 5396 subsistentium
721 5360 788 5407 esse,
820 5346 941 5409 digeram

115 5418 186 5480 quod
204 5422 252 5475 eat,
269 5422 295 5467 et
306 5419 386 5481 paulo
402 5421 463 5480 post
478 5416 640 5474 evidentius,
663 5418 715 5467 hoc
742 5422 784 5467 est
810 5418 942 5480 aliquate-

115 5487 318 5539 nuseridenter
340 5496 498 5551 monstrem,
528 5490 653 5539 videlicet
680 5490 779 5552 quilius
802 5501 942 5549 argumen-

113 5559 148 5607 tis
165 5560 317 5615 slilrmatio,
333 5563 484 5626 quibusque
503 5560 611 5622 negatio
630 5559 736 5617 probari
756 5573 834 5621 prosse
852 5559 941 5608 videa·

113 5636 166 5688 tur,
184 5636 211 5682 et
224 5646 278 5697 quo
292 5634 499 5694 multiplicitatis
515 5633 574 5683 loco
597 5633 704 5689 divisio,
731 5645 801 5680 seim
822 5630 941 5681 scientiae

113 5714 189 5753 error
208 5705 295 5765 cedat,
316 5719 458 5769 exponam.
482 5704 608 5769 [liciaque
633 5705 661 5754 id
689 5717 748 5755 esse
775 5701 940 5762 laciendum,

113 5772 142 5823 id
156 5781 205 5837 est,
220 5773 380 5840 questionis
394 5777 475 5843 hujus
496 5776 687 5827 obscuritatem
715 5776 753 5827 ita
783 5789 841 5826 esse
867 5774 942 5839 dige-

1007 404 1125 467 jusmodi
1144 402 1331 465 scriptionum,
1346 403 1372 452 id
1383 408 1489 458 estnon
1504 402 1584 454 multi
1599 407 1665 453 sunt
1679 402 1727 469 qui
1741 402 1773 454 de
1782 404 1833 455 bu-

1006 477 1124 540 jusmodi
1140 478 1256 527 scrihere
1282 476 1481 533 consueverint,
1510 481 1558 527 aut
1586 476 1670 527 ctiam
1702 476 1833 529 scribendi

1009 548 1135 598 noverint
1149 549 1290 597 rationem.
1305 548 1368 597 Nam
1385 548 1435 597 stsi
1457 547 1514 606 bos,
1542 561 1612 613 qnos
1639 560 1738 613 graves
1763 548 1834 599 locos

1008 623 1147 675 vocabant,
1172 623 1228 671 suis
1259 621 1422 686 quaudoque
1449 621 1622 671 orationibus
1658 619 1833 679 inaurneriut,

1007 696 1038 741 ut
1064 692 1186 743 Socrates
1203 699 1230 743 et
1259 694 1333 753 Cato,
1362 700 1389 741 ei
1410 691 1455 743 alii
1485 692 1574 749 multi,
1602 690 1719 741 minime
1746 696 1833 743 umen

1009 763 1052 813 hia
1066 764 1213 815 tractandis
1227 778 1337 827 operam
1360 765 1469 815 dabant.
1484 764 1562 823 Quod
1594 778 1662 815 reso
1692 765 1745 813 hoc
1772 766 1833 815 seri·

1007 836 1128 899 ptionum
1144 838 1196 886 iter
1212 837 1305 901 paucis
1318 840 1411 886 notum
1428 836 1470 894 sit,
1487 840 1514 886 et
1534 840 1561 886 te
1588 850 1654 886 aere
1677 834 1832 893 attendisse,

1007 912 1033 956 et
1047 922 1104 958 eam
1123 908 1220 963 etiam,
1236 921 1270 957 ns
1288 921 1338 957 usu
1353 905 1499 968 communi,
1515 904 1538 957 si
1549 906 1655 957 sciheet
1680 922 1697 957 a
1712 906 1833 969 pluribus

1008 976 1162 1039 hujusmodi
1178 982 1367 1036 tractarentur,
1388 977 1555 1035 vilescerent,
1585 982 1644 1028 taisi
1676 976 1755 1028 asida
1778 979 1833 1041 pls·

1008 1049 1103 1106 coisse,
1119 1049 1242 1113 exempla
1256 1052 1301 1099 tua
1316 1049 1351 1100 ad
1366 1062 1419 1105 me,
1435 1053 1465 1098 ut
1476 1048 1510 1100 de
1526 1048 1578 1099 hac
1591 1048 1743 1099 scriberem
1761 1061 1833 1113 qnas-

1008 1119 1105 1176 stione,
1131 1118 1235 1169 directa
1261 1121 1390 1183 comperi.
1405 1118 1473 1171 Nam
1500 1132 1532 1169 ax
1546 1119 1587 1168 bia
1601 1132 1667 1183 quia
1682 1118 1711 1168 in
1726 1132 1760 1170 es
1776 1119 1832 1185 legi,

1007 1203 1058 1252 ego
1085 1190 1141 1253 ipae
1168 1204 1227 1241 sum
1252 1195 1315 1241 tuus
1344 1191 1427 1248 testis,
1456 1205 1538 1255 qnam
1560 1190 1695 1241 vivaciter·
1722 1190 1832 1241 antebac

1007 1261 1264 1325 lueriscomplexus,
1282 1262 1376 1327 idest,
1402 1261 1451 1313 tlbl
1475 1261 1647 1326 placuerint:
1677 1263 1738 1312 boec
1765 1264 1833 1312 mdi-

1007 1333 1159 1395 cetpaucis,
1176 1331 1361 1383 sicutdictum
1380 1336 1430 1391 sat,
1446 1337 1539 1383 notum
1566 1346 1628 1383 esse
1658 1333 1711 1384 lter
1741 1332 1831 1397 bajua-

1008 1402 1079 1451 modi
1096 1404 1333 1465 scriptionum;ct
1351 1408 1381 1454 tn
1408 1402 1518 1469 quidem
1548 1403 1582 1455 da
1611 1403 1749 1469 praedicta
1772 1405 1832 1457 bsb·

1007 1472 1121 1523 domade
1150 1473 1298 1538 digerendo
1324 1475 1362 1525 sic
1391 1475 1521 1538 postulas.
1550 1477 1606 1539 Ego
1632 1490 1699 1526 vero
1729 1475 1832 1539 ipse,et

1007 1544 1086 1601 banc,
1114 1552 1141 1596 et
1166 1548 1232 1596 alias
1254 1546 1443 1608 ¹hebdomades
1471 1553 1644 1599 commentor
1672 1548 1794 1614 quidem,
1808 1548 1831 1599 id

1007 1620 1056 1672 est,
1086 1632 1112 1666 in
1141 1622 1258 1667 montem
1288 1618 1443 1683 trequentes·
1471 1619 1676 1681 comminiscor,
1703 1619 1753 1669 sed
1787 1620 1832 1669 hoe

841 1711 949 1777 quidem
966 1688 989 1753 B
1005 1688 1069 1738 mibi
1094 1693 1209 1739 ttnium·
1234 1689 1309 1748 Quod
1339 1694 1389 1753 est,
1411 1692 1602 1756 speculataque
1627 1694 1831 1745 admemoriam

1009 1773 1095 1810 meam
1110 1774 1250 1818 conservo,
1276 1763 1366 1825 potius
1393 1777 1473 1827 quam
1489 1764 1634 1827 participo,
1651 1763 1679 1814 id
1696 1770 1738 1815 sat
1765 1780 1832 1817 coni-

1007 1831 1116 1881 mouico
1144 1833 1269 1896 cuiquam
1297 1833 1411 1891 illorum,
1443 1848 1557 1898 qnorum
1585 1834 1702 1887 lascivia
1726 1837 1832 1888 interior

1005 1915 1036 1951 ac
1049 1902 1165 1953 exterior
1180 1903 1338 1967 petulantia,
1354 1904 1422 1954 nibil
1437 1907 1539 1970 patitur
1553 1920 1613 1957 ease
1642 1907 1829 1973 conjunctam,

1005 1968 1032 2020 id
1048 1977 1088 2022 est
1115 1972 1261 2036 perlectum
1274 1975 1301 2023 ln
1327 1988 1355 2024 se
1370 1978 1397 2024 st
1409 1975 1468 2025 altis
1482 1990 1645 2039 congruum,
1659 1978 1736 2042 qood
1754 1980 1829 2030 Greci

1004 2042 1099 2094 dicunt
1112 2042 1272 2116 ἁρμονικόν.
1288 2044 1363 2104 Quod
1379 2048 1472 2110 otique
1486 2050 1614 2110 provenit
1628 2063 1687 2100 non
1703 2052 1740 2101 ab
1755 2052 1831 2102 anisii

1003 2116 1118 2171 ratione,
1134 2117 1181 2166 ssd
1198 2116 1287 2181 ajoco
1302 2117 1416 2167 lascivias
1437 2119 1546 2182 risuque
1575 2121 1743 2183 petulantiae
1769 2136 1829 2173 sue.

1003 2185 1078 2236 Tales
1105 2201 1221 2252 namque
1249 2202 1300 2239 sus
1326 2193 1432 2240 tantum
1460 2192 1572 2241 iuventa
1601 2192 1699 2243 solent
1714 2194 1827 2256 laudare,

1003 2262 1161 2307 caeterorum
1184 2272 1248 2309 aero
1275 2262 1439 2322 vituperare,
1456 2266 1482 2311 et
1497 2265 1631 2327 tanquam
1648 2264 1755 2315 nullius
1768 2264 1825 2323 sint,

1003 2324 1134 2378 deridere.
1152 2328 1197 2378 llis
1212 2343 1275 2393 ergo
1299 2330 1438 2393 sapientiis
1465 2338 1577 2393 secreta,
1603 2336 1740 2399 quoniam
1768 2350 1826 2403 pio-

1002 2400 1537 2466 ptereosqnldigniridenturomaiuo
1566 2412 1659 2459 tacere
1687 2422 1747 2459 uon
1772 2422 1826 2473 pos·

1001 2486 1104 2530 sumus,
1120 2473 1208 2537 aliqua
1223 2474 1255 2523 ds
1270 2474 1335 2525 locls
1350 2475 1536 2539 multiplicatis
1564 2479 1743 2531 conlormats
1771 2494 1826 2543 apa·

1001 2545 1040 2593 cte
1067 2544 1133 2603 seri,
1152 2549 1199 2595 aut
1224 2546 1318 2597 saltem
1349 2548 1439 2612 aliqua
1472 2550 1617 2601 verborum
1644 2553 1827 2603 contractione

1001 2614 1169 2666 obducimus.
1187 2618 1303 2668 Prohinc
1314 2632 1423 2677 moneo,
1435 2624 1463 2670 tii
1478 2634 1512 2670 ue
1525 2622 1561 2671 sts
1576 2622 1716 2673 adsersus
1743 2624 1831 2673 obacs.

1000 2687 1122 2738 sitatibus
1137 2688 1284 2747 brevitatis,
1296 2690 1322 2739 id
1338 2694 1387 2745 est,
1402 2704 1462 2754 quai
1477 2706 1510 2740 ex
1524 2690 1664 2743 brevitate
1682 2695 1831 2759 contingere

1001 2765 1122 2824 possunt.
1137 2762 1201 2821 Quas
1217 2776 1277 2811 cum
1292 2763 1354 2823 sint,
1365 2768 1459 2813 contra
1474 2763 1602 2828 obliquos
1617 2766 1829 2818 obtrectatorum

1000 2845 1114 2889 morsus,
1131 2835 1221 2884 arcani
1237 2834 1289 2885 uda
1317 2834 1449 2892 custodis,
1465 2837 1537 2900 qnod
1567 2851 1625 2889 non
1658 2839 1828 2891 mediocriter

999 2904 1066 2954 utile
1097 2909 1146 2962 est,
1175 2909 1231 2956 tuni
1259 2906 1340 2956 etiam
1362 2908 1507 2965 commodi,
1522 2908 1613 2967 idest,
1629 2911 1686 2961 hoc
1702 2910 1829 2963 commodi

999 2976 1157 3027 naturaliter
1184 2978 1294 3040 habent,
1321 2980 1396 3044 quod
1421 2980 1616 3045 colloquuntur
1630 2996 1699 3035 ciam
1716 2984 1757 3035 bia
1771 2984 1828 3035 solis

999 3051 1043 3114 qui
1074 3054 1207 3113 quatenus
1235 3058 1349 3114 possunt
1374 3052 1598 3105 convenientium
1613 3056 1757 3109 rationum
1789 3059 1826 3109 ris

1000 3120 1146 3183 vestigant,
1171 3126 1197 3171 et
1213 3120 1426 3173 indeficientium
1442 3123 1595 3176 studiosum
1606 3125 1753 3192 impendio
1766 3143 1828 3181 som·

998 3193 1309 3256 parantconcepticaom
1325 3206 1433 3253 arcana,
1450 3194 1497 3259 qai
1514 3209 1577 3248 aera
1602 3198 1684 3263 digni
1703 3206 1767 3253 sunt
1791 3202 1825 3251 iii·

998 3264 1108 3313 troiuitti
1119 3264 1152 3312 ud
1167 3276 1208 3312 es.

1031 3344 1062 3392 Ut
1078 3342 1171 3406 igitur,
1188 3342 1249 3409 stc]
1263 3343 1343 3402 Quasi
1360 3359 1367 3395 ε
1383 3346 1506 3397 Postulas
1517 3349 1547 3398 ut
1562 3347 1703 3412 digeram,
1718 3356 1746 3403 et
1771 3352 1822 3403 eri·

998 3412 1108 3465 dentius
1141 3421 1286 3464 monstrem
1327 3415 1520 3468 obscuritatem
1562 3422 1741 3483 quassationis,
1780 3430 1823 3475 etc

998 3484 1033 3535 Ut
1059 3484 1143 3548 igitur
1170 3490 1224 3536 tum
1251 3484 1414 3538 satislsclam
1442 3489 1629 3553 postulationi,
1660 3492 1717 3543 leci
1739 3496 1785 3554 sic,
1800 3498 1825 3545 at

998 3556 1055 3606 lieri
1087 3556 1154 3607 solet
1183 3555 1210 3605 iu
1239 3558 1429 3609 mathematica
1458 3561 1573 3612 maxime
1616 3563 1774 3629 disciplina,
1800 3564 1823 3615 id

998 3632 1039 3677 est
1073 3628 1251 3685 arithmetica,
1275 3630 1449 3693 geometrica,
1474 3633 1587 3688 musica,
1631 3638 1818 3691 astronomica

999 3703 1025 3748 et
1052 3699 1079 3748 in
1106 3699 1210 3749 caeteris
1235 3702 1315 3750 etism
1344 3702 1467 3764 pluribus
1481 3703 1635 3765 disciplinis
1652 3721 1661 3755 a
1677 3714 1710 3757 nt
1723 3709 1750 3759 lii
1767 3720 1824 3773 pre·

998 3773 1159 3823 dicsmentis
1186 3777 1213 3822 et
1242 3774 1391 3837 analyticis,
1421 3773 1450 3824 in
1474 3777 1575 3839 quibua
1601 3781 1732 3843 quasdam
1758 3794 1821 3832 seca·

998 3846 1064 3892 turis
1094 3844 1250 3893 tractatibus
1278 3844 1428 3896 necessaria
1455 3855 1667 3912 praeponuntur,
1709 3853 1821 3905 videlicet

999 3917 1133 3979 praeposui
1156 3915 1286 3967 terminos
1313 3919 1481 3983 regulasque.
1506 3919 1624 3973 Eosdem
1656 3938 1728 3990 quos
1754 3930 1819 3975 voest

999 3986 1138 4043 terminos,
1166 3991 1245 4036 vocat
1273 3986 1353 4037 etiam
1383 3989 1498 4051 regulas,
1522 3992 1571 4041 aed
1587 3995 1818 4061 regulasquidsn,

998 4060 1125 4122 quoniam
1153 4057 1233 4108 locali
1264 4058 1439 4109 similitudine
1462 4061 1546 4112 mults
1561 4066 1722 4125 contineat,
1736 4068 1818 4117 termi-

999 4143 1049 4179 nos
1064 4142 1136 4187 vero,
1153 4129 1282 4193 quomam
1298 4143 1331 4180 er
1347 4144 1440 4180 eorum
1456 4130 1599 4196 principiis
1627 4136 1817 4188 demonstratis

999 4200 1196 4264 propositorum
1216 4198 1368 4259 deducitur,
1395 4206 1422 4251 et
1450 4214 1543 4253 eornm
1575 4208 1725 4269 postremis
1751 4208 1819 4259 ludo·

999 4270 1135 4322 ctionihus
1162 4276 1291 4336 tanquam
1321 4272 1419 4325 flnibos
1447 4276 1623 4327 terminatur.
1658 4280 1716 4331 llos
1747 4280 1819 4347 igiter

999 4347 1056 4395 sire
1073 4345 1204 4394 terminos
1219 4345 1275 4395 aire
1289 4346 1395 4411 regulas
1410 4348 1557 4412 praeposui,
1582 4350 1689 4412 quibus
1718 4352 1817 4403 elhclsra

998 4422 1093 4468 cuncta
1116 4428 1177 4479 quas
1199 4421 1360 4480 sequnntur,
1383 4418 1409 4468 id
1435 4424 1485 4477 est,
1502 4420 1604 4484 quibus
1618 4425 1650 4472 et
1663 4426 1817 4489 propositasi

997 4489 1193 4540 hebdomadem
1221 4487 1319 4540 abduci
1346 4490 1373 4539 in
1401 4490 1602 4543 dubitationem
1632 4496 1819 4548 ostendamet

996 4575 1027 4612 ea
1044 4558 1247 4624 multiplicitatis
1264 4560 1323 4611 loco
1338 4560 1427 4612 diviso
1443 4562 1529 4626 ipsam
1555 4564 1731 4617 conllrmem.

1028 4632 1186 4689 Communis,
1199 4632 1261 4699 etc]
1276 4631 1368 4683 Prima
1381 4646 1461 4697 quam
1476 4634 1556 4698 ponit
1584 4638 1697 4701 reguis.
1711 4638 1816 4689 omniun

997 4718 1057 4769 qnia
1072 4708 1231 4767 sequuntur,
1257 4704 1311 4753 imo
1340 4704 1460 4755 omniurn
1475 4705 1682 4774 cujuscumque
1696 4710 1817 4761 laealtstis

996 4777 1051 4824 sint
1064 4775 1230 4839 generalium
1246 4774 1448 4832 sententiarum,
1475 4787 1545 4838 quas
1573 4777 1659 4829 etiam
1690 4780 1741 4831 boc
1766 4780 1815 4829 loce

996 4845 1188 4908 conceptiones
1216 4850 1302 4904 vocat,
1334 4851 1373 4895 cat
1398 4845 1481 4896 locus.
1505 4846 1540 4897 Ut
1569 4850 1645 4901 enlm
1662 4850 1815 4916 depositisis

996 4916 1180 4983 graiumaticm
1193 4915 1327 4966 incutiatis
1339 4915 1437 4982 regulis
1459 4920 1609 4981 taceamus,
1641 4928 1747 4975 certum
1772 4924 1813 4979 etl·

996 4990 1068 5055 quod
1097 4992 1124 5038 et
1147 4989 1193 5052 qui
1223 4992 1354 5037 vocantur
1381 5002 1540 5040 communes
1557 4990 1608 5042 locl
1635 4994 1814 5055 abatorum,et

997 5062 1120 5113 missimus
1132 5058 1329 5124 propositiones
1352 5058 1567 5121 dialecticorum,
1599 5068 1628 5114 et
1661 5067 1815 5119 theoremati

996 5138 1202 5199 geometrarum,
1220 5135 1248 5179 et
1266 5128 1400 5181 ariomata
1427 5133 1603 5191 musicorum,
1633 5141 1664 5187 et
1689 5136 1815 5201 generales

996 5200 1139 5254 sententiis
1153 5200 1302 5251 ethicorum
1321 5215 1368 5251 seii
1382 5201 1616 5267 philosophorum,
1648 5208 1816 5260 continentur

997 5274 1169 5326 universitate
1191 5273 1273 5336 hujus
1303 5274 1412 5337 regulis,
1440 5288 1493 5338 qua
1519 5275 1648 5329 dictiue:
1673 5278 1816 5331 Communis

996 5346 1229 5408 aniiuicouceptio
1245 5348 1286 5394 eat
1300 5345 1459 5406 enuntiatio,
1478 5360 1560 5409 quam
1583 5350 1707 5419 quisque
1733 5350 1818 5417 probat

997 5418 1126 5471 auditam.
1140 5430 1193 5467 nou
1210 5416 1291 5467 unius
1305 5422 1420 5477 tantum,
1448 5420 1494 5469 sed
1512 5427 1675 5475 communis
1690 5424 1780 5487 animi,
1792 5420 1814 5471 id

997 5494 1037 5539 est
1053 5491 1197 5540 multorum
1213 5490 1364 5540 animorum
1380 5493 1458 5541 vocat
1473 5504 1534 5543 eam
1551 5494 1587 5545 de
1601 5509 1660 5561 qus
1688 5510 1760 5549 uuae
1785 5494 1817 5545 lo·

996 5560 1089 5625 quitur
1104 5563 1306 5623 coucepiionem
1322 5579 1327 5588 ·
1343 5563 1471 5623 quoniam
1487 5564 1603 5629 scilicet,
1617 5582 1687 5633 quas
1712 5568 1817 5621 iallails·

995 5648 1064 5689 rum,
1084 5633 1271 5695 singularium,
1288 5647 1488 5694 concessarum,
1501 5650 1552 5688 seu
1567 5638 1721 5693 dubiarum
1738 5638 1818 5693 locslis

997 5709 1036 5754 cat
1050 5705 1126 5761 ratio,
1142 5704 1267 5766 plurimis
1279 5705 1322 5757 rel
1337 5710 1442 5765 naturs,
1455 5706 1501 5757 vel
1514 5710 1616 5775 opines
1631 5712 1723 5779 logica
1736 5714 1815 5763 natu

997 5774 1064 5825 adeo
1082 5789 1140 5824 esse
1155 5779 1289 5835 convenit,
1306 5780 1335 5829 ut
1349 5791 1410 5828 cum
1425 5778 1459 5830 ad
1473 5778 1582 5845 aliquid
1609 5782 1813 5837 confirmanda!
