3892 6126
129 192 201 252 ιῖιῧ
662 194 827 254 ornanum
844 192 1017 255 PQRRETAE
1035 194 1304 259 communali.
1763 198 1839 255 tm

131 319 204 383 quod
219 320 370 372 solitarium
384 321 483 374 dicitur
498 337 506 376 ι
523 326 550 375 ει
563 322 636 387 qnod
660 322 809 373 solitarium
830 336 888 373 εεεε
909 324 957 372 im·
971 323 996 389 Α
1012 324 1156 378 ιιιειιιειιεε
1180 325 1328 391 speculatio
1342 327 1509 377 tabstractlm
1552 322 1675 386 attendit,
1706 322 1833 388 subjectas

133 391 262 454 possibile
278 396 327 451 est,
340 406 396 443 non
424 397 465 444 εει
485 394 650 460 impossibile
670 394 818 443 solitarium
844 394 905 444 dici.
925 394 958 444 Et
1013 397 1273 457 sintaccidentibus,
1292 404 1318 449 et
1339 399 1392 450 hoc
1412 398 1492 449 etiam
1510 395 1634 460 exemplo
1657 396 1835 454 demonstret,

133 461 161 511 Ιιι
177 463 287 527 quidam
302 464 349 528 qui
366 465 512 518 dictionem
537 473 679 530 utramque
702 468 796 517 dicunt
810 480 866 517 non
880 479 960 529 possa
1012 467 1105 519 diesne
1121 485 1128 519 ι
1144 474 1174 519 ut
1187 470 1350 531 humanitas,
1364 468 1479 521 dicimus
1508 482 1602 519 rerum
1625 481 1683 517 esse
1705 465 1777 531 quod
1796 465 1834 514 ιι·

134 533 191 583 lieri
207 534 368 599 solitariam,
382 538 411 587 in
427 545 616 603 argumentum
635 539 677 588 sui
694 538 810 595 erroris,
833 536 961 588 verisimi-
1012 541 1057 599 cil,
1073 556 1127 591 non
1145 548 1235 593 tamen
1251 558 1283 593 ex
1299 558 1331 593 eo
1344 557 1424 593 sensu
1440 556 1494 607 quo
1509 542 1589 591 homo
1609 540 1745 602 suscipere
1771 536 1835 587 dici-

131 605 195 656 litsr
208 607 366 669 predictam
381 609 434 659 albi
452 614 480 661 ει
493 609 562 675 nigri
576 608 762 660 confusionem
779 611 829 659 sibi
843 609 959 659 caeteris·
1013 615 1066 661 tur.
1080 611 1139 661 Non
1157 615 1229 663 euim
1247 613 1400 665 humanitas
1415 615 1451 662 ita
1465 612 1576 675 suscipit
1590 607 1750 667 accidentia,
1765 606 1835 658 sicut

129 690 183 742 que
196 691 290 730 minus
303 681 514 747 intelligentibus
536 683 664 733 videntur
681 696 829 732 resumere.
854 683 905 733 Sed
919 682 958 732 illi
1014 683 1103 745 homo,
1119 685 1218 735 scilicet
1232 687 1351 750 eossquod
1366 687 1425 749 ipsa
1440 684 1594 734 humanitas
1618 682 1651 731 ab
1673 681 1762 743 aliqua
1774 680 1835 729 sub·

131 751 179 813 qui
197 750 312 801 alteram
331 753 482 815 exsufflant,
506 767 567 803 uum
590 752 723 818 recipiant
745 754 866 815 alteram,
892 751 959 802 adeo
1012 755 1145 813 sistentia,
1162 769 1244 819 quam
1260 756 1288 806 in
1310 757 1467 813 schabest,
1488 754 1588 819 aliquid
1611 751 1741 816 estjuata
1756 750 1834 813 cuius

131 821 192 871 siue
214 829 373 886 argumento
401 827 499 876 erroris
523 827 564 875 aui
592 826 723 890 garriunt,
747 830 778 875 ut
800 838 856 875 non
879 823 959 873 modo
1013 823 1241 888 principalitatem
1257 829 1355 892 ajusin
1371 843 1399 878 sa
1415 828 1513 877 babeat
1536 825 1698 888 proprietate
1714 822 1832 885 quadam

132 896 230 943 contra
244 896 395 955 veritatem,
420 910 514 947 versam
535 898 615 947 etiam
639 902 732 947 contra
756 911 784 946 ea
804 896 885 959 ipsos,
909 894 960 945 hoc
1013 897 1187 946 accommoda
1202 898 1359 957 accidentis,
1385 899 1431 949 ssd
1455 895 1578 961 eoquod
1599 895 1633 952 ει,
1657 892 1759 943 εειιιεει
1780 891 1833 941 hu·

130 962 233 1014 dicant.
259 966 418 1017 Concedunt
443 981 568 1033 namque,
592 967 673 1018 homo
701 972 742 1018 est
765 981 871 1031 corpus,
898 967 960 1017 abo·
1011 968 1144 1026 manitali,
1158 970 1289 1034 subjecta,
1305 978 1331 1022 ει
1344 985 1393 1035 ρει
1407 970 1529 1021 eamdem
1544 967 1652 1017 illorum
1675 967 1834 1026 nuncupata

131 1034 280 1099 minantes,
307 1037 389 1089 bomo
416 1041 457 1088 est
482 1041 573 1090 anima
601 1038 643 1088 vel
671 1040 768 1102 specis.
787 1037 842 1088 Nec
868 1042 959 1088 tamen
1012 1039 1133 1099 materia,
1152 1043 1257 1106 exipea
1280 1047 1321 1094 est
1347 1044 1457 1109 aliquid,
1479 1047 1508 1092 ιιι
1530 1054 1591 1105 quse
1610 1038 1648 1089 illi
1671 1036 1832 1101 proprietate

130 1106 254 1171 cogitant
269 1122 322 1172 qua
337 1111 441 1161 ratione
468 1110 552 1160 unius
577 1111 664 1173 partis
686 1124 744 1160 esse
769 1108 829 1172 ejus
853 1121 959 1172 qnoque
1012 1110 1163 1161 dutadesee
1178 1115 1323 1171 concretio,
1338 1129 1398 1164 cum
1413 1116 1471 1177 ipsa
1488 1112 1575 1176 possit
1597 1108 1742 1172 suscipere.
1765 1106 1832 1155 Nam

129 1179 204 1242 quod
220 1192 254 1229 ex
272 1183 474 1232 saconstatsil
502 1195 569 1239 esse,
594 1186 622 1232 et
649 1181 682 1231 ιε
708 1196 738 1231 ea
754 1179 896 1245 praedicari
911 1191 961 1241 per
1013 1179 1144 1246 quidquid
1169 1198 1233 1235 vero
1259 1186 1369 1236 nomine
1395 1186 1547 1248 subiectum
1589 1179 1772 1232 accidentibus
1807 1180 1834 1228 et

125 1262 155 1300 ss
183 1251 281 1313 possit,
310 1266 370 1303 cum
397 1266 456 1304 esse
480 1253 566 1315 partis
588 1254 702 1303 alterius
725 1266 814 1315 neque
838 1251 872 1300 sit
901 1261 959 1321 essa
1012 1266 1105 1303 eorum
1128 1257 1239 1306 materia
1260 1257 1366 1318 dicitur,
1388 1259 1494 1321 oportet
1514 1258 1544 1305 ut
1578 1254 1694 1318 primunr
1724 1251 1747 1300 sl
1776 1261 1832 1299 non

127 1319 339 1387 ejusdemquod
361 1324 648 1386 similiterconstituit,
676 1337 770 1388 neque
794 1323 827 1373 da
851 1338 883 1374 eo
907 1321 960 1370 ιιει
1014 1327 1143 1387 tempore,
1162 1326 1382 1387 saltemrstione,
1402 1329 1480 1378 silex
1496 1322 1777 1390 aliquasubsietautla,
1803 1323 1834 1370 ιιι

127 1393 216 1456 possit
233 1396 403 1458 :praesertim
435 1410 496 1446 cum
526 1401 552 1447 et
579 1396 661 1461 hujus
689 1396 810 1459 generis,
834 1392 906 1457 quod
925 1391 959 1448 ds
1013 1406 1061 1456 per
1075 1395 1126 1445 boc
1143 1397 1263 1460 eiusdem
1281 1398 1377 1449 babeat
1392 1397 1508 1463 propria.
1522 1395 1653 1456 Quoniam
1667 1407 1741 1449 uero,
1764 1405 1833 1455 qua-

128 1465 280 1528 composito
306 1465 448 1530 predicari
474 1472 584 1531 negant,
620 1467 755 1532 proprium
797 1465 958 1539 potentiam,
1013 1468 1074 1517 liter
1088 1468 1188 1519 dictum
1217 1476 1265 1530 est,
1294 1470 1468 1521 subsistentia
1495 1484 1577 1520 carisa
1604 1471 1646 1518 eet
1672 1465 1743 1516 ulid
1758 1462 1832 1527 quod

124 1532 154 1584 id
179 1539 221 1586 ast
249 1537 469 1596 rationalitatem,
498 1544 525 1589 st
552 1538 745 1590 accidentalem
778 1536 958 1609 affectionem,
1012 1541 1377 1605 pareamcstaliquidauis
1394 1540 1511 1606 propriis
1533 1542 1568 1591 ειι
1592 1539 1751 1602 subjectum,
1771 1535 1832 1597 ipsa

127 1606 155 1655 ιι
173 1611 215 1658 εει
228 1609 377 1668 scientiam,
397 1611 430 1660 ιε
458 1612 519 1675 ipso
548 1625 612 1661 rere
640 1609 767 1661 aitirmari
799 1607 958 1661 concedant.
1012 1624 1120 1677 quoque
1136 1628 1183 1677 per
1200 1611 1701 1676 denominationemeisdemeubjecta
1723 1607 1831 1664 dicitur,

127 1675 284 1742 Numquod
302 1694 395 1730 eorum
423 1681 508 1745 aliqui
536 1680 626 1732 dicore
653 1680 782 1744 gestiunt.
812 1680 890 1730 sliam
913 1688 1207 1757 rar-pessuiumuem
1223 1688 1428 1739 materialium
1454 1686 1526 1737 enim
1550 1685 1674 1743 materis,
1690 1696 1751 1746 quaa
1772 1684 1832 1733 suls·

125 1746 306 1800 tionalitatcm
320 1765 400 1815 quam
414 1750 486 1802 illam
517 1767 577 1817 quaa
602 1757 643 1803 εει
664 1750 776 1803 humaui
796 1751 907 1815 spiritus
923 1751 956 1799 de

127 1819 319 1882 hominedlci,
336 1828 362 1873 ει
379 1826 500 1875 similiter
528 1825 667 1876 scientiam
693 1824 782 1881 aliam,
813 1828 840 1873 ct
875 1822 955 1872 aliam

127 1893 347 1955 corporalitatem
374 1909 454 1959 quam
481 1911 542 1961 qum
567 1896 678 1947 humani
701 1895 822 1959 corporis
847 1898 896 1953 εει,
919 1894 956 1943 ila

129 1968 343 2028 contemnimus,
358 1970 604 2034 uttacendoqnod
629 1973 723 2021 contra
751 1969 803 2018 hoc
828 1967 882 2017 dici
910 1980 955 2029 po·

129 2040 186 2088 ιεει
206 2039 317 2089 omnino
350 2045 551 2104 praetereamus.
579 2041 680 2091 Contra
702 2039 768 2090 illud
790 2053 854 2090 raro
882 2036 955 2101 quod

131 2108 213 2160 nobis
240 2116 393 2175 opponunt,
423 2112 548 2176 spiritum
571 2113 689 2163 hominis
711 2128 769 2164 εεεε
797 2113 954 2175 incorpora-

126 2176 195 2239 lem,
209 2180 348 2233 bominem
367 2188 525 2235 tamennon
545 2197 604 2235 saec
626 2185 830 2250 incorporalem,
853 2197 883 2233 ac
908 2196 955 2245 per

129 2250 185 2303 laos
199 2266 254 2304 non
270 2269 328 2306 esse
352 2270 456 2315 rerum,
483 2257 617 2322 quidquid
639 2259 672 2308 ds
700 2263 773 2321 parte
797 2256 952 2314 alflrmstur,

127 2322 165 2374 da
180 2336 214 2375 eo
229 2338 337 2390 quoque
352 2327 425 2391 qnod
442 2343 473 2378 es
490 2341 523 2378 ea
546 2330 725 2392 compositum
749 2333 798 2390 εει,
817 2325 952 2388 altlrmari,

126 2396 335 2459 respondemus,
352 2411 412 2448 cnm
434 2400 536 2457 ιιειιιιι,
561 2398 673 2463 spiritus
697 2404 739 2449 cat
767 2395 953 2461 incorporalis,

127 2476 229 2530 negare
244 2467 334 2531 potius
349 2469 383 2519 ab
398 2484 429 2520 eo
445 2470 516 2534 quod
532 2471 565 2519 ad
586 2470 694 2535 generis
718 2472 836 2536 pertinet
862 2473 953 2532 potes·

127 2538 223 2593 tatem,
237 2549 318 2601 qnam
334 2543 458 2590 naturam
473 2539 585 2604 spiritus
599 2543 632 2591 da
646 2541 705 2604 ipso
729 2541 869 2591 alflrmare.
888 2539 952 2588 Om-

125 2606 173 2656 nis
187 2606 262 2658 enim
284 2610 399 2673 privatio
426 2613 498 2675 quod
526 2613 640 2662 debetur
668 2612 833 2669 naturaliter,
863 2624 952 2661 remo·

126 2684 183 2730 set.
199 2679 257 2731 Nec
271 2696 322 2732 nos
337 2682 482 2734 dicimuss
499 2689 553 2735 tolo
570 2698 603 2735 ex
626 2685 786 2736 necessitate
810 2696 952 2734 remoran-

126 2752 195 2803 dum
210 2755 340 2821 quldquid
357 2762 511 2809 remoretur
540 2773 556 2808 a
585 2764 669 2822 parte,
694 2760 741 2809 εει
765 2756 897 2822 quidquid
918 2756 951 2806 ιε

124 2830 204 2946 garta
232 2829 403 2889 naturaliter,
424 2831 494 2881 idem
524 2836 551 2881 et
576 2831 611 2881 ιε
639 2829 788 2896 composito
816 2830 951 2879 alllrman·

146 2910 204 2947 am.

159 2969 283 3035 lnporte
299 2972 404 3041 ipitua]
434 2974 538 3033 Quasi:
567 2976 653 3026 Homo
681 2979 721 3026 est
747 2978 773 3024 ει
798 2987 896 3037 corpus
924 2975 952 3023 et

1011 1759 1081 1808 sistit
1098 1759 1217 1822 subjecta
1232 1759 1405 1822 humanitati,
1421 1759 1447 1809 id
1464 1760 1549 1809 estin
1566 1771 1595 1807 εε
1609 1757 1712 1806 habens
1735 1754 1832 1804 huma-

1010 1829 1121 1880 nitatem
1136 1831 1272 1895 suecipere
1287 1831 1316 1881 in
1331 1846 1358 1881 se
1373 1830 1491 1894 aliquod,
1507 1831 1531 1880 ei
1557 1828 1682 1879 accidens
1706 1826 1765 1889 ipsa
1779 1826 1831 1876 bu-

1010 1903 1126 1951 manitae
1148 1903 1348 1966 quodammodo
1377 1904 1495 1959 videtur,
1523 1902 1577 1951 imo
1608 1912 1641 1950 ea
1664 1911 1724 1961 quae
1749 1896 1830 1947 tltab

1010 1971 1105 2023 ellectu
1121 1975 1153 2024 ad
1176 1989 1284 2024 causam
1307 1975 1501 2034 denominatio,
1530 1972 1581 2022 hoc
1604 1971 1741 2033 suscipere
1763 1967 1831 2018 diei·

1009 2045 1167 2095 tur.Forma
1189 2060 1253 2096 vero
1279 2059 1447 2110 quecunque
1476 2048 1516 2094 εει
1544 2042 1602 2092 eine
1629 2041 1751 2099 materia,
1780 2053 1831 2091 nac

1010 2114 1090 2164 etium
1108 2120 1305 2189 μετωνυμικῶς
1315 2118 1416 2181 polerit
1429 2130 1487 2166 esee
1502 2115 1674 2178 subjectum:
1691 2125 1740 2161 nec
1765 2123 1829 2161 sero

1007 2186 1098 2239 iueeee
1112 2188 1242 2239 materias.
1258 2189 1324 2239 Nam
1341 2190 1392 2238 etsi
1407 2186 1547 2250 contingat
1563 2189 1592 2234 ut
1606 2181 1696 2233 inesse
1713 2181 1829 2245 dicatur,

1009 2265 1039 2310 ut
1055 2275 1127 2325 soepe
1144 2262 1172 2311 in
1188 2260 1347 2325 theologicis
1361 2259 1502 2325 scripturis
1523 2258 1621 2308 dicitur
1644 2254 1772 2306 diviuitas
1785 2254 1829 2303 in·

1008 2345 1067 2381 essa
1080 2332 1163 2394 Patri,
1181 2333 1308 2384 aolidem
1324 2330 1474 2389 elementis,
1490 2344 1546 2381 non
1560 2334 1650 2379 tamen
1661 2332 1690 2377 ut
1699 2326 1827 2377 materias.

1007 2403 1139 2453 Divinitas
1153 2405 1224 2454 enim
1240 2403 1268 2453 in
1285 2404 1360 2454 Patre
1371 2402 1470 2453 dicitur
1486 2416 1554 2459 esse,
1570 2407 1600 2451 ul
1616 2398 1732 2451 essentis
1746 2396 1775 2447 in
1795 2409 1827 2447 au

1007 2475 1053 2538 qui
1068 2489 1130 2525 rere
1142 2480 1182 2525 εει
1196 2490 1204 2535 ς
1219 2479 1246 2525 ει
1259 2475 1327 2525 ιιεει
1342 2475 1370 2524 iu
1386 2475 1535 2536 elementis,
1559 2476 1589 2522 ιιι
1614 2468 1779 2534 exemplaris
1797 2468 1827 2517 iu

1007 2546 1049 2595 his
1065 2560 1126 2610 quac
1140 2550 1204 2596 sunt
1217 2545 1371 2596 earumdem
1392 2545 1531 2608 imagines.
1553 2543 1618 2593 Nam
1643 2553 1733 2605 neque
1756 2538 1825 2589 ideas

1006 2619 1035 2669 ιιι
1050 2620 1200 2681 elementis,
1219 2632 1308 2683 nsque
1323 2614 1403 2672 odolo
1421 2619 1450 2669 in
1471 2620 1548 2669 Patre
1562 2620 1659 2668 creatas
1673 2613 1826 2665 subsisten-

1007 2688 1051 2740 tiae
1067 2690 1253 2756 santonibus
1279 2694 1308 2741 in
1337 2689 1402 2754 ipsis
1429 2691 1578 2741 accidentis
1602 2691 1728 2738 concreta
1748 2684 1826 2739 eiutt

1006 2768 1117 2824 quorum
1132 2776 1164 2813 ex
1180 2776 1271 2814 earum
1287 2762 1375 2813 causis
1390 2763 1447 2827 ipen
1461 2762 1525 2820 sint,
1541 2766 1568 2811 ει
1594 2775 1625 2812 ex
1647 2757 1745 2809 effectu
1772 2755 1824 2806 illae

1006 2832 1131 2884 dicautur
1147 2836 1276 2886 materie.
1290 2835 1383 2899 ltaque
1405 2848 1455 2884 nec
1479 2833 1558 2883 Pater
1579 2832 1732 2894 aliquorum
1745 2841 1824 2891 pror-

1005 2919 1059 2967 sus,
1075 2918 1124 2956 uec
1136 2907 1271 2957 elementa
1284 2920 1318 2956 ex
1332 2905 1400 2956 ideis
1411 2905 1530 2955 materias
1548 2906 1612 2953 sunt
1632 2899 1821 2951 accidentium.

1004 2975 1121 3040 ideoque
1136 2989 1223 3041 nequa
1239 2975 1315 3030 odric
1330 2989 1418 3041 neque
1435 2971 1519 3028 εἲὸἑαι
1534 2972 1760 3037 cognominantur
1770 2983 1824 3020 ma-

124 3044 365 3109 anima.lnparts
395 3046 478 3111 igitur
508 3061 562 3098 una
590 3061 646 3098 non
670 3048 757 3098 estid
781 3047 853 3112 quod
868 3049 908 3096 εει
922 3048 949 3096 in
966 3056 988 3125 c
1008 3049 1242 3112 terimzctquars
1271 3048 1365 3107 forms,
1390 3061 1449 3112 quse
1477 3051 1519 3096 est
1545 3046 1604 3094 sine
1634 3041 1828 3121 materiamen

124 3116 222 3173 altera,
239 3116 349 3176 scilieet,
372 3117 445 3167 aliud
473 3132 586 3171 numero
608 3120 701 3170 saltem
724 3123 766 3170 est
786 3132 845 3169 esse
866 3119 950 3182 partis
1007 3119 1089 3169 modo
1104 3133 1158 3169 non
1173 3122 1216 3178 sit,
1228 3121 1275 3170 εει
1293 3133 1342 3170 nec
1370 3117 1591 3169 denominatione
1621 3114 1828 3177 cognominetur

124 3187 219 3245 unlus,
243 3201 259 3238 a
289 3201 343 3252 quo
372 3192 549 3254 compositum
580 3204 689 3255 quoque
716 3190 819 3255 aliquid
846 3194 894 3249 est,
923 3192 950 3240 et

123 3259 199 3310 aliud
214 3259 326 3310 alterius
340 3260 425 3324 partis
442 3275 510 3323 essa,
527 3277 611 3327 aquo
623 3262 746 3313 similiter
768 3263 856 3326 ipsum
880 3275 950 3311 com·

121 3331 243 3395 positum
256 3334 305 3393 εει,
321 3338 348 3381 ει
370 3333 536 3396 conjunctim
558 3335 614 3384 sire
636 3333 792 3397 disjunctim
818 3347 876 3384 esse
899 3333 949 3382 ali·

121 3400 191 3466 quid
229 3401 338 3452 dicitur.
376 3402 431 3453 Nec
457 3405 538 3455 modo
567 3405 747 3455 substentium
775 3419 806 3455 ex
834 3402 949 3453 dirersis

120 3473 335 3526 subsistentibus
357 3476 579 3540 compositorum,
609 3480 638 3527 ιιι
668 3482 709 3528 εει
735 3477 815 3527 bomo
843 3476 885 3525 rel
907 3478 947 3525 la·

120 3546 176 3609 pis,
193 3548 381 3598 verumetiam
399 3547 572 3613 simplicium,
599 3552 629 3599 ut
654 3553 694 3599 εει
714 3547 831 3599 hominis
847 3547 946 3606 anima,

119 3630 184 3682 qam
197 3617 348 3669 subsistens
374 3633 408 3669 ex
438 3619 520 3670 nullia
547 3619 759 3671 subsistentibus
786 3623 948 3679 consistet

119 3689 243 3740 omnium
273 3689 519 3753 subsistentiarum,
548 3692 590 3742 ιει
621 3692 791 3743 affectionum
824 3692 946 3741 acciden-

118 3761 225 3825 talium,
241 3767 269 3813 ει
281 3763 398 3828 denique
426 3763 549 3815 omnium
573 3779 632 3829 qua
654 3766 692 3816 sic
712 3771 776 3816 sunt
797 3780 829 3815 ex
844 3765 946 3830 princi-

119 3834 177 3898 plo.
194 3836 225 3885 ut
238 3848 294 3885 non
311 3835 365 3886 sint
379 3835 550 3900 principium.
577 3838 693 3901 qualiter
715 3837 874 3902 predictum
896 3840 945 3895 εει,

120 3904 209 3955 multa
234 3909 298 3956 suut
322 3919 355 3956 ex
384 3906 484 3971 quibua
514 3908 725 3973 unumquodque
763 3911 805 3958 est
835 3908 946 3973 aliquid.

119 3974 161 4026 Ac
178 3990 227 4040 per
241 3976 293 4027 boc
315 3992 380 4028 vera
410 3979 514 4029 ratione
536 3980 639 4029 nullum
664 3993 756 4030 eorum
771 3984 813 4030 εει
829 3980 855 4031 ld
873 3978 945 4045 quod

119 4050 172 4098 est.
186 4046 263 4108 Quod
280 4062 346 4099 sero
362 4062 416 4099 non
441 4053 482 4099 εει
508 4063 539 4099 ει
564 4050 616 4100 boc
641 4054 722 4114 atque
738 4064 770 4102 ex
786 4051 847 4109 hoo,
863 4051 889 4100 id
905 4053 946 4100 est

119 4132 177 4170 non
201 4133 233 4171 ex
263 4122 384 4178 dirersis.
412 4122 459 4171 εει
483 4124 588 4172 tantum
615 4128 656 4173 εει
683 4138 716 4174 ax
743 4123 805 4180 hoe,
833 4123 944 4181 scilicet,

118 4193 201 4257 cuius
215 4196 256 4243 εει
272 4206 357 4243 uuum
385 4193 472 4244 solum
500 4194 573 4259 quod
602 4195 644 4254 sit,
675 4193 742 4245 illud
769 4208 832 4245 vera
860 4194 944 4245 estid

115 4262 191 4328 quod
207 4268 258 4321 εει.
283 4278 339 4316 non
365 4264 437 4315 aliud
469 4266 503 4315 ab
527 4280 569 4325 so,
585 4269 616 4316 ut
636 4268 716 4327 Deus,
735 4266 776 4315 rel
797 4268 856 4330 ejus
875 4267 944 4316 dirl-

115 4334 199 4385 nitas.
214 4332 273 4386 Nou
290 4334 361 4386 enim
377 4340 448 4386 asta
473 4337 613 4388 divinitate
637 4337 709 4387 eliud
728 4350 782 4401 quo
805 4336 877 4386 Dens
898 4334 943 4392 sit,

117 4418 172 4457 ιιεε
187 4410 229 4458 εει
252 4406 324 4458 unde
353 4407 480 4458 divinitas
508 4408 567 4474 ipsa
591 4409 634 4467 sit,
659 4409 711 4458 nisi
735 4410 807 4473 quod
827 4422 860 4457 ea
874 4409 943 4458 Deus

117 4482 161 4528 est
176 4491 184 4538 s
200 4480 226 4528 et
240 4479 381 4542 quodlibet
394 4480 446 4530 hoc
462 4482 499 4531 ita
513 4481 701 4545 singularitate
722 4485 750 4531 et
771 4480 941 4544 simplicitate

117 4549 229 4613 generis
243 4551 417 4616 singulariter
427 4556 455 4602 et
469 4551 628 4616 simpliciter
642 4566 737 4615 unum,
751 4555 792 4602 est
815 4552 942 4616 pulcher-

118 4620 219 4671 rimum
233 4625 344 4687 propria
358 4636 471 4673 summae
482 4622 622 4687 diguitatis
637 4624 735 4686 specie,
751 4622 945 4673 fortissimum-

118 4704 173 4757 que
189 4706 240 4744 sua
253 4692 459 4759 incomparabili
473 4699 615 4759 potestate.
643 4694 719 4754 Quod
745 4700 816 4747 recle
837 4696 869 4746 ιε
884 4695 943 4759 ipso

115 4762 228 4885 tdiluitur,
244 4764 374 4829 quiahoc
394 4767 468 4817 nullo
491 4767 568 4831 cujus
596 4771 674 4832 egeat
697 4767 862 4819 adminiculo
882 4767 942 4819 niti·

150 4872 299 4976 Quocirca]
326 4910 431 4970 Quasi:
459 4911 682 4977 Quandoquidem
724 4913 797 4977 quod
836 4916 941 4964 tantum

115 4981 171 5030 boc
184 4993 246 5031 rere
260 4987 301 5031 εει
314 4982 341 5032 ιι
356 4984 428 5047 quod
444 4988 494 5041 εει,
510 4986 635 5049 quocirca
650 4984 701 5034 hoc
715 4998 777 5034 rere
794 4988 836 5034 εει
847 4998 941 5043 unum,

1003 3190 1126 3251 materia,
1139 3192 1258 3243 ostendit
1273 3191 1366 3242 dicens
1381 3202 1388 3240 ι
1403 3192 1496 3254 Neque
1511 3187 1584 3239 enim
1599 3189 1669 3237 esset
1692 3197 1755 3235 vero
1779 3196 1828 3261 no·

1003 3262 1076 3312 mine
1091 3261 1185 3320 iorma,
1201 3264 1247 3313 sed
1268 3263 1359 3326 potius
1384 3260 1483 3323 imago.
1506 3258 1588 3309 Recte
1610 3253 1766 3320 aliqualis
1782 3253 1825 3303 ιιιε

1004 3333 1183 3385 enimiormls
1211 3348 1271 3398 qum
1302 3338 1367 3384 suut
1394 3338 1492 3396 praeter
1518 3329 1669 3388 materiam,
1687 3327 1713 3376 ιι
1739 3328 1828 3375 estex

1003 3404 1117 3454 sinceris
1131 3404 1298 3464 substantiis,
1314 3405 1376 3468 igue
1391 3404 1494 3453 scilicet
1516 3404 1544 3452 et
1564 3413 1635 3462 aere,
1654 3404 1681 3449 et
1704 3410 1783 3461 aqua,
1799 3399 1827 3445 et

1002 3476 1085 3533 terra,
1100 3489 1156 3526 non
1172 3477 1264 3540 utique
1279 3476 1321 3525 bis
1335 3488 1396 3540 quas
1410 3475 1438 3524 in
1453 3470 1507 3543 ὕλη
1522 3471 1624 3522 habent
1634 3473 1827 3547 mutuamcon·

1002 3545 1159 3610 cretionem,
1173 3548 1219 3597 sed
1232 3561 1292 3612 quai
1307 3550 1371 3597 sunt
1384 3560 1418 3596 ex
1446 3545 1513 3594 ailrn
1537 3547 1564 3594 et
1580 3537 1745 3605 intelligibili
1760 3551 1824 3601 spu-

1001 3617 1051 3675 cis,
1068 3632 1129 3682 quas
1143 3622 1208 3669 sunt
1225 3620 1292 3670 ideas
1307 3618 1454 3679 sensilium,
1477 3616 1535 3666 istae
1559 3615 1651 3664 lormaa
1671 3624 1732 3676 quse
1760 3614 1825 3661 snut

1001 3688 1030 3737 in
1047 3691 1168 3752 materia,
1183 3695 1210 3742 et
1225 3690 1337 3755 siquod
1352 3694 1393 3740 est
1412 3702 1470 3740 sese
1493 3684 1613 3737 materiae
1639 3681 1824 3739 advenientes.

1001 3774 1100 3825 corpus
1115 3761 1247 3826 eliciunt,
1261 3762 1378 3826 quadam
1402 3759 1517 3823 exempli
1541 3758 1574 3808 als
1602 3754 1747 3818 exemplari
1775 3767 1824 3804 suo

1000 3832 1197 3883 conlormaliva
1220 3832 1381 3884 deductione
1407 3834 1551 3884 sanarunt.
1579 3828 1618 3877 Ac
1643 3823 1824 3903 parbosillas

1000 3902 1111 3953 sincere
1131 3904 1208 3964 idea,
1239 3904 1267 3954 id
1297 3910 1339 3956 est
1363 3904 1538 3968 exemplares.
1567 3905 1593 3952 et
1619 3912 1683 3949 varo
1713 3909 1824 3947 nomana

1001 3974 1092 4025 lormse
1108 3983 1246 4029 vocantur.
1262 3977 1327 4028 Nam
1340 3981 1453 4028 ceterae
1468 3989 1528 4039 qum
1543 3974 1572 4024 in
1587 3970 1746 4036 corporibus
1760 3971 1825 4018 sunl

999 4050 1129 4097 vocantes
1147 4048 1256 4110 turmas,
1287 4050 1340 4100 boo
1367 4049 1477 4100 nomina
1499 4045 1648 4102 abutimur,
1673 4041 1737 4092 dum
1766 4052 1823 4089 uon

999 4116 1076 4181 ideae,
1092 4119 1139 4168 εει
1154 4117 1278 4171 idearum
1293 4121 1348 4171 sint
1362 4117 1474 4187 εἶνόνες,
1490 4118 1517 4168 ιι
1534 4120 1575 4168 εει
1595 4114 1732 4177 imagines,
1747 4110 1822 4191 quod

999 4187 1093 4253 utique
1110 4204 1209 4242 nomen
1225 4194 1264 4242 eis
1280 4193 1375 4243 melius
1389 4190 1525 4242 convenit.
1546 4185 1732 4237 Assimilanlnr
1748 4192 1821 4230 emm

998 4274 1053 4312 non
1069 4262 1176 4326 quidem
1192 4263 1274 4326 plena
1285 4265 1313 4314 iu
1329 4268 1384 4315 tots
1398 4264 1439 4314 sui
1454 4258 1614 4320 substantia,
1630 4259 1678 4306 aut
1698 4255 1726 4303 in
1743 4256 1820 4315 parta

998 4345 1054 4382 sua
1077 4334 1235 4386 substantie
1258 4337 1406 4399 semiplena
1429 4329 1597 4384 substantiali
1619 4324 1818 4404 similitudine-s

997 4404 1063 4466 quia
1076 4404 1185 4455 aeternis
1199 4408 1357 4471 temporalia
1379 4405 1534 4457 nullatenus
1557 4401 1672 4465 possunt
1692 4394 1817 4476 couiarrs,

995 4474 1042 4523 sed
1058 4476 1173 4538 quadam
1188 4483 1263 4529 extra
1280 4478 1458 4529 substantiam
1479 4472 1633 4525 imitatione
1657 4467 1701 4518 his
1724 4466 1818 4547 turmis

996 4558 1057 4608 quse
1072 4559 1127 4596 nou
1143 4550 1248 4599 suntin
1267 4549 1380 4601 materia
1407 4545 1570 4607 constituta,
1598 4541 1719 4600 sincerie;
1748 4537 1818 4588 εειιι·

995 4624 1045 4677 εει,
1061 4618 1132 4671 sicut
1145 4622 1246 4673 dictum
1261 4630 1311 4687 εει,
1327 4623 1484 4675 substantiis
1497 4624 1525 4672 st
1536 4618 1644 4671 eternis
1662 4614 1739 4666 ideis.

1025 4693 1104 4743 Nullo
1120 4696 1211 4757 s'ps'tssr,
1227 4698 1289 4761 atel
1308 4700 1338 4748 ln
1366 4693 1582 4761 praecedentibus
1606 4704 1667 4742 cum
1695 4687 1815 4747 dixisset,

994 4766 1066 4829 quud
1082 4780 1136 4818 uon
1154 4773 1195 4819 εει
1209 4770 1260 4821 boc
1272 4776 1352 4834 atqua
1367 4769 1427 4827 hcc,
1440 4768 1486 4819 ssd
1516 4771 1620 4819 tantum
1650 4768 1690 4813 est
1703 4761 1764 4822 boc,
1787 4758 1818 4809 il·

993 4836 1040 4887 lud
1056 4852 1118 4890 vers
1134 4845 1175 4890 cst
1190 4842 1216 4891 ιι
1230 4843 1302 4905 quod
1316 4846 1365 4899 cst,
1399 4841 1512 4892 intulit:
1529 4838 1659 4898 Quocirca
1685 4835 1736 4885 boc
1751 4846 1816 4883 vere

994 4923 1089 4970 unum,
1105 4912 1132 4961 in
1149 4926 1203 4977 quo
1227 4915 1319 4964 nullus
1333 4927 1472 4973 numerus,
1487 4916 1513 4962 et
1527 4911 1562 4961 ad
1576 4910 1628 4959 hoc
1648 4920 1738 4959 rerum
1753 4918 1816 4969 pro·

993 4984 1123 5044 bandum,
1140 4985 1208 5036 dixit
1224 4987 1336 5053 :Neque
1360 4989 1433 5037 enim
1461 4984 1611 5049 subjectum
1637 4981 1695 5031 lieri
1716 4981 1815 5043 potest.

114 5055 143 5102 at
155 5050 210 5101 tale
226 5066 318 5112 unum,
334 5054 361 5104 in
377 5069 431 5119 quo
447 5057 536 5105 nullus
553 5061 593 5106 εει
607 5056 782 5106 essentiarum
801 5068 940 5117 numerus,
993 5057 1049 5107 llos
1063 5058 1144 5122 igitur
1158 5064 1275 5117 ostenso,
1291 5062 1389 5109 ilerum
1405 5058 1486 5109 inlert
1499 5058 1580 5113 idem.
1604 5054 1680 5118 quasi
1695 5069 1702 5104 ι
1728 5052 1816 5111 Quan-

114 5123 180 5188 quia
197 5124 481 5176 nullumiueoaliud
509 5140 566 5177 essa
594 5131 773 5190 preterquam
800 5127 827 5175 id
856 5140 939 5178 unum
992 5127 1137 5191 doquidem
1152 5130 1179 5180 id
1194 5130 1267 5194 quod
1284 5135 1324 5181 εει
1337 5135 1452 5187 tantum,
1468 5129 1520 5178 hoc
1548 5140 1638 5189 nsque
1663 5123 1814 5185 subjeetum

115 5193 433 5258 qnosolussst.Verer
463 5197 563 5248 etenim
593 5210 683 5262 neque
713 5211 744 5246 eo
766 5197 839 5261 quod
862 5197 941 5260 juxta
992 5202 1431 5266 ast,nequeiusubjsclo,igitur
1454 5202 1481 5250 in
1508 5214 1540 5251 eo
1555 5199 1628 5249 nulla
1647 5208 1758 5261 prorsus
1771 5195 1813 5242 εει

116 5264 295 5328 principalem
325 5280 401 5317 suam
430 5269 573 5318 essentiam
604 5269 630 5316 in
657 5282 685 5318 ss
712 5268 812 5331 aliquid
832 5268 939 5329 habeat,
990 5272 1247 5326 exditlerenlieese
1271 5275 1422 5333 diversitas,
1446 5273 1521 5324 nulla
1543 5271 1641 5323 exhnc
1659 5265 1813 5320 diversitate

116 5334 268 5399 subjectum
284 5338 341 5389 lieri
366 5344 466 5404 potest.
489 5340 599 5400 Quare‘l
623 5340 670 5389 Est
692 5342 763 5391 enim
790 5339 885 5399 forma,
914 5347 940 5392 at
990 5344 1138 5408 pluralitas,
1166 5347 1240 5397 nulla
1268 5349 1349 5398 etiam
1375 5362 1407 5397 er
1435 5344 1619 5398 accidentibus
1645 5338 1812 5402 multitudu;

114 5408 188 5472 quod
206 5421 253 5471 per
270 5411 321 5461 boc
344 5415 416 5463 recte
434 5412 591 5476 probarerit
609 5412 676 5462 illud
700 5426 755 5464 uon
776 5426 854 5476 posse
874 5413 940 5463 sub·
989 5420 1070 5480 atqua
1098 5416 1197 5469 idcirco
1224 5432 1275 5470 nec
1294 5419 1339 5469 ille
1366 5433 1446 5484 quem
1476 5417 1654 5472 diversorum,
1683 5425 1734 5462 nea
1770 5410 1812 5461 ille

109 5480 215 5546 lectum
231 5496 301 5541 ease,
326 5498 374 5548 per
397 5500 425 5536 sa
453 5490 517 5536 nola
540 5488 792 5537 matbematicorum
815 5488 937 5551 proposi·
988 5504 1068 5555 quem
1089 5491 1171 5540 unius
1198 5490 1341 5543 diversum·
1360 5506 1430 5553 essa,
1454 5491 1496 5542 sel
1516 5489 1652 5541 diversum
1676 5483 1812 5547 accidens,

113 5552 190 5604 lions
215 5554 344 5613 declaret.
370 5556 484 5607 dicens:
513 5559 616 5608 Formas
641 5572 704 5608 sero
725 5557 853 5622 subjecta
878 5572 938 5610 assa
988 5564 1030 5615 vel
1045 5576 1104 5614 esse
1119 5568 1145 5615 ει
1158 5565 1293 5630 accidens,
1313 5566 1383 5618 solet
1408 5566 1498 5617 lacere
1519 5575 1656 5615 numerus.
1680 5559 1747 5609 Nam
1770 5557 1813 5608 di·

110 5638 169 5676 t³0¹1
185 5628 347 5691 βο·ιῠῐιι.ἱι1
365 5633 414 5687 eal,
434 5629 513 5694 juxta
534 5631 649 5693 aliquam
675 5644 756 5695 quam
784 5630 813 5681 in
842 5646 870 5681 sc
894 5631 939 5681 ht·
988 5653 1096 5690 versum
1112 5640 1205 5691 saltem
1221 5655 1336 5693 numero
1348 5641 1392 5692 rel
1406 5642 1487 5691 etiam
1503 5634 1720 5689 dissimilitudine
1743 5644 1812 5691 essa,

110 5700 197 5751 bosut
211 5700 415 5753 subsistentiam
431 5704 536 5754 nullum
551 5703 676 5754 accidens
690 5705 717 5753 in
730 5718 759 5755 se
778 5706 937 5769 suscipiunt.
989 5717 1016 5764 ει
1029 5714 1054 5764 ει
1069 5713 1196 5765 accidens
1222 5728 1329 5777 semper
1351 5719 1392 5765 εει
1413 5715 1594 5777 diuersurum,
1616 5712 1646 5760 nt
1670 5704 1813 5758 bominum

109 5772 180 5827 Nam
195 5772 219 5824 ει
231 5774 295 5843 qais
307 5778 427 5843 opponat
441 5774 514 5845 quod
538 5779 641 5829 cataro
664 5774 767 5844 torma,
790 5789 857 5847 quas
883 5790 939 5833 ms·
989 5798 1046 5839 non
1074 5783 1303 5847 dissimilltudine,
1316 5786 1375 5853 [εει
1403 5790 1465 5845 ιοιο
1486 5803 1599 5845 numero
1616 5784 1816 5845 diversumsst
