<?xml version="1.0" encoding="UTF-8"?>
<!DOCTYPE html PUBLIC "-//W3C//DTD XHTML 1.0 Transitional//EN"
    "http://www.w3.org/TR/xhtml1/DTD/xhtml1-transitional.dtd">
<html xmlns="http://www.w3.org/1999/xhtml" xml:lang="en" lang="en">
 <head>
  <title>
</title>
<meta http-equiv="Content-Type" content="text/html;charset=utf-8" />
  <meta name='ocr-system' content='tesseract 3.04.00' />
  <meta name='ocr-capabilities' content='ocr_page ocr_carea ocr_par ocr_line ocrx_word'/>
</head>
<body>
  <div class='ocr_page' id='page_1' title='image "./patrologiaecurs12unkngoog_0391.png"; bbox 0 0 3892 6126; ppageno 0'>
   <div class='ocr_carea' id='block_1_1' title="bbox 741 264 1173 324">
    <p class='ocr_par' dir='ltr' id='par_1_1' title="bbox 741 264 1173 324">
     <span class='ocr_line' id='line_1_1' title="bbox 741 264 1173 324; baseline -0.005 0"><span class='ocrx_word' id='word_1_1' title='bbox 741 268 801 324; x_wconf 72' lang='lat' dir='ltr'><strong>AN.</strong></span> <span class='ocrx_word' id='word_1_2' title='bbox 821 265 933 323; x_wconf 71' lang='lat' dir='ltr'><strong>utut.</strong></span> <span class='ocrx_word' id='word_1_3' title='bbox 952 264 1033 321; x_wconf 64' lang='lat' dir='ltr'><strong>BEV.</strong></span> <span class='ocrx_word' id='word_1_4' title='bbox 1052 266 1173 323; x_wconf 75' lang='lat' dir='ltr'><strong>bourn</strong></span> 
     </span>
    </p>
   </div>
   <div class='ocr_carea' id='block_1_2' title="bbox 212 389 1656 737">
    <p class='ocr_par' dir='ltr' id='par_1_2' title="bbox 212 389 1656 737">
     <span class='ocr_line' id='line_1_2' title="bbox 213 389 1555 470; baseline -0.008 -14"><span class='ocrx_word' id='word_1_5' title='bbox 213 399 316 456; x_wconf 91' lang='lat' dir='ltr'><strong>Omnis</strong></span> <span class='ocrx_word' id='word_1_6' title='bbox 328 399 417 456; x_wconf 87' lang='lat' dir='ltr'><strong>bomo</strong></span> <span class='ocrx_word' id='word_1_7' title='bbox 428 399 530 470; x_wconf 79' lang='lat' dir='ltr'><strong>justus</strong></span> <span class='ocrx_word' id='word_1_8' title='bbox 545 401 601 453; x_wconf 89' lang='grc' dir='ltr'><strong>εει.</strong></span> <span class='ocrx_word' id='word_1_9' title='bbox 940 390 968 457; x_wconf 77' lang='grc' dir='ltr'><strong>Α</strong></span> <span class='ocrx_word' id='word_1_10' title='bbox 1087 390 1193 448; x_wconf 87' lang='lat' dir='ltr'><strong>Omnis</strong></span> <span class='ocrx_word' id='word_1_11' title='bbox 1203 391 1306 464; x_wconf 80' lang='lat' dir='ltr'><strong>justus</strong></span> <span class='ocrx_word' id='word_1_12' title='bbox 1321 407 1379 448; x_wconf 91' lang='lat' dir='ltr'><strong>nbn</strong></span> <span class='ocrx_word' id='word_1_13' title='bbox 1395 389 1484 447; x_wconf 88' lang='lat' dir='ltr'><strong>homo</strong></span> <span class='ocrx_word' id='word_1_14' title='bbox 1499 392 1555 446; x_wconf 87' lang='grc' dir='ltr'><strong>εει.</strong></span> 
     </span>
     <span class='ocr_line' id='line_1_3' title="bbox 212 479 1556 556; baseline -0.005 -13"><span class='ocrx_word' id='word_1_15' title='bbox 212 487 317 544; x_wconf 83' lang='lat' dir='ltr'><strong>Nullus</strong></span> <span class='ocrx_word' id='word_1_16' title='bbox 334 488 421 543; x_wconf 89' lang='lat' dir='ltr'><strong>bomo</strong></span> <span class='ocrx_word' id='word_1_17' title='bbox 432 488 534 556; x_wconf 76' lang='lat' dir='ltr'><strong>iustus</strong></span> <span class='ocrx_word' id='word_1_18' title='bbox 549 489 604 542; x_wconf 90' lang='lat' dir='ltr'><strong>est.</strong></span> <span class='ocrx_word' id='word_1_19' title='bbox 1089 481 1195 538; x_wconf 86' lang='lat' dir='ltr'><strong>Nullus</strong></span> <span class='ocrx_word' id='word_1_20' title='bbox 1204 482 1306 553; x_wconf 76' lang='lat' dir='ltr'><strong>justus</strong></span> <span class='ocrx_word' id='word_1_21' title='bbox 1322 497 1381 537; x_wconf 89' lang='lat' dir='ltr'><strong>nun</strong></span> <span class='ocrx_word' id='word_1_22' title='bbox 1396 479 1485 537; x_wconf 88' lang='lat' dir='ltr'><strong>bomo</strong></span> <span class='ocrx_word' id='word_1_23' title='bbox 1500 482 1556 536; x_wconf 88' lang='grc' dir='ltr'><strong>εει.</strong></span> 
     </span>
     <span class='ocr_line' id='line_1_4' title="bbox 214 570 1573 648; baseline -0.006 -16"><span class='ocrx_word' id='word_1_24' title='bbox 214 576 339 642; x_wconf 90' lang='lat' dir='ltr'><strong>Quidem</strong></span> <span class='ocrx_word' id='word_1_25' title='bbox 355 576 443 633; x_wconf 89' lang='lat' dir='ltr'><strong>boma</strong></span> <span class='ocrx_word' id='word_1_26' title='bbox 454 576 557 648; x_wconf 84' lang='lat' dir='ltr'><strong>justus</strong></span> <span class='ocrx_word' id='word_1_27' title='bbox 572 579 627 632; x_wconf 88' lang='grc' dir='ltr'><strong>εει.</strong></span> <span class='ocrx_word' id='word_1_28' title='bbox 1090 570 1215 637; x_wconf 81' lang='lat' dir='ltr'><strong>Quidam</strong></span> <span class='ocrx_word' id='word_1_29' title='bbox 1226 571 1328 642; x_wconf 75' lang='lat' dir='ltr'><strong>justus</strong></span> <span class='ocrx_word' id='word_1_30' title='bbox 1344 586 1402 627; x_wconf 89' lang='lat' dir='ltr'><strong>ben</strong></span> <span class='ocrx_word' id='word_1_31' title='bbox 1418 571 1505 627; x_wconf 87' lang='lat' dir='ltr'><strong>bomo</strong></span> <span class='ocrx_word' id='word_1_32' title='bbox 1517 570 1573 625; x_wconf 83' lang='lat' dir='ltr'><strong>est.</strong></span> 
     </span>
     <span class='ocr_line' id='line_1_5' title="bbox 214 658 1656 737; baseline -0.006 -17"><span class='ocrx_word' id='word_1_33' title='bbox 214 665 339 731; x_wconf 78' lang='lat' dir='ltr'><strong>Quidam</strong></span> <span class='ocrx_word' id='word_1_34' title='bbox 354 665 442 721; x_wconf 86' lang='lat' dir='ltr'><strong>hemo</strong></span> <span class='ocrx_word' id='word_1_35' title='bbox 453 665 555 737; x_wconf 81' lang='lat' dir='ltr'><strong>justus</strong></span> <span class='ocrx_word' id='word_1_36' title='bbox 571 682 630 721; x_wconf 89' lang='lat' dir='ltr'><strong>uon</strong></span> <span class='ocrx_word' id='word_1_37' title='bbox 646 669 701 722; x_wconf 88' lang='grc' dir='ltr'><strong>εει.</strong></span> <span class='ocrx_word' id='word_1_38' title='bbox 1091 659 1214 724; x_wconf 80' lang='lat' dir='ltr'><strong>Quidam</strong></span> <span class='ocrx_word' id='word_1_39' title='bbox 1226 659 1329 732; x_wconf 81' lang='lat' dir='ltr'><strong>justus</strong></span> <span class='ocrx_word' id='word_1_40' title='bbox 1346 675 1404 716; x_wconf 87' lang='lat' dir='ltr'><strong>uon</strong></span> <span class='ocrx_word' id='word_1_41' title='bbox 1421 659 1508 715; x_wconf 87' lang='lat' dir='ltr'><strong>bomo</strong></span> <span class='ocrx_word' id='word_1_42' title='bbox 1524 672 1583 714; x_wconf 85' lang='lat' dir='ltr'><strong>nou</strong></span> <span class='ocrx_word' id='word_1_43' title='bbox 1598 658 1656 713; x_wconf 78' lang='grc' dir='ltr'><strong>εει.</strong></span> 
     </span>
    </p>
   </div>
   <div class='ocr_carea' id='block_1_3' title="bbox 213 785 1764 1128">
    <p class='ocr_par' dir='ltr' id='par_1_3' title="bbox 213 785 1764 1128">
     <span class='ocr_line' id='line_1_6' title="bbox 215 785 1668 863; baseline -0.003 -19"><span class='ocrx_word' id='word_1_44' title='bbox 215 787 319 846; x_wconf 86' lang='lat' dir='ltr'><strong>Omnis</strong></span> <span class='ocrx_word' id='word_1_45' title='bbox 332 790 419 846; x_wconf 88' lang='lat' dir='ltr'><strong>homo</strong></span> <span class='ocrx_word' id='word_1_46' title='bbox 434 789 646 863; x_wconf 84' lang='lat' dir='ltr'><strong>grammatibus</strong></span> <span class='ocrx_word' id='word_1_47' title='bbox 662 793 717 847; x_wconf 91' lang='grc' dir='ltr'><strong>εει.</strong></span> <span class='ocrx_word' id='word_1_48' title='bbox 1092 786 1195 845; x_wconf 88' lang='lat' dir='ltr'><strong>Omnis</strong></span> <span class='ocrx_word' id='word_1_49' title='bbox 1205 787 1416 861; x_wconf 89' lang='lat' dir='ltr'><strong>grammatibus</strong></span> <span class='ocrx_word' id='word_1_50' title='bbox 1432 801 1490 842; x_wconf 88' lang='lat' dir='ltr'><strong>uon</strong></span> <span class='ocrx_word' id='word_1_51' title='bbox 1505 785 1668 841; x_wconf 84' lang='lat' dir='ltr'><strong>bombast.</strong></span> 
     </span>
     <span class='ocr_line' id='line_1_7' title="bbox 213 873 1667 952; baseline -0.003 -20"><span class='ocrx_word' id='word_1_52' title='bbox 213 876 319 933; x_wconf 90' lang='lat' dir='ltr'><strong>Nullus</strong></span> <span class='ocrx_word' id='word_1_53' title='bbox 335 877 423 934; x_wconf 91' lang='lat' dir='ltr'><strong>bomo</strong></span> <span class='ocrx_word' id='word_1_54' title='bbox 438 881 652 952; x_wconf 86' lang='lat' dir='ltr'><strong>grammatibus</strong></span> <span class='ocrx_word' id='word_1_55' title='bbox 668 887 722 936; x_wconf 89' lang='grc' dir='ltr'><strong>εει.</strong></span> <span class='ocrx_word' id='word_1_56' title='bbox 1093 876 1200 933; x_wconf 89' lang='lat' dir='ltr'><strong>Nullus</strong></span> <span class='ocrx_word' id='word_1_57' title='bbox 1211 876 1423 948; x_wconf 81' lang='lat' dir='ltr'><strong>grammatibus</strong></span> <span class='ocrx_word' id='word_1_58' title='bbox 1438 891 1496 930; x_wconf 89' lang='lat' dir='ltr'><strong>abu</strong></span> <span class='ocrx_word' id='word_1_59' title='bbox 1511 873 1667 929; x_wconf 84' lang='lat' dir='ltr'><strong>bombast.</strong></span> 
     </span>
     <span class='ocr_line' id='line_1_8' title="bbox 214 961 1692 1039; baseline -0.003 -16"><span class='ocrx_word' id='word_1_60' title='bbox 214 966 338 1035; x_wconf 86' lang='lat' dir='ltr'><strong>Quidam</strong></span> <span class='ocrx_word' id='word_1_61' title='bbox 355 967 442 1024; x_wconf 86' lang='lat' dir='ltr'><strong>bomo</strong></span> <span class='ocrx_word' id='word_1_62' title='bbox 458 967 670 1039; x_wconf 86' lang='lat' dir='ltr'><strong>grammatibus</strong></span> <span class='ocrx_word' id='word_1_63' title='bbox 683 971 739 1024; x_wconf 89' lang='lat' dir='ltr'><strong>est.</strong></span> <span class='ocrx_word' id='word_1_64' title='bbox 1094 966 1218 1032; x_wconf 84' lang='lat' dir='ltr'><strong>Quidam</strong></span> <span class='ocrx_word' id='word_1_65' title='bbox 1234 965 1445 1038; x_wconf 85' lang='lat' dir='ltr'><strong>grammatibus</strong></span> <span class='ocrx_word' id='word_1_66' title='bbox 1461 979 1518 1019; x_wconf 86' lang='lat' dir='ltr'><strong>uon</strong></span> <span class='ocrx_word' id='word_1_67' title='bbox 1534 961 1622 1019; x_wconf 85' lang='lat' dir='ltr'><strong>homo</strong></span> <span class='ocrx_word' id='word_1_68' title='bbox 1637 968 1692 1019; x_wconf 86' lang='lat' dir='ltr'><strong>est.</strong></span> 
     </span>
     <span class='ocr_line' id='line_1_9' title="bbox 214 1050 1764 1128; baseline -0.004 -16"><span class='ocrx_word' id='word_1_69' title='bbox 214 1056 339 1122; x_wconf 88' lang='lat' dir='ltr'><strong>Quidam</strong></span> <span class='ocrx_word' id='word_1_70' title='bbox 354 1057 442 1113; x_wconf 87' lang='lat' dir='ltr'><strong>humo</strong></span> <span class='ocrx_word' id='word_1_71' title='bbox 457 1057 669 1128; x_wconf 71' lang='lat' dir='ltr'><strong>grammatibus</strong></span> <span class='ocrx_word' id='word_1_72' title='bbox 685 1073 744 1114; x_wconf 89' lang='lat' dir='ltr'><strong>nou</strong></span> <span class='ocrx_word' id='word_1_73' title='bbox 760 1061 815 1114; x_wconf 84' lang='grc' dir='ltr'><strong>εει.</strong></span> <span class='ocrx_word' id='word_1_74' title='bbox 1092 1053 1219 1122; x_wconf 84' lang='lat' dir='ltr'><strong>Quidem</strong></span> <span class='ocrx_word' id='word_1_75' title='bbox 1235 1054 1447 1128; x_wconf 71' lang='lat' dir='ltr'><strong>grammatibus</strong></span> <span class='ocrx_word' id='word_1_76' title='bbox 1458 1068 1515 1109; x_wconf 87' lang='lat' dir='ltr'><strong>nou</strong></span> <span class='ocrx_word' id='word_1_77' title='bbox 1530 1050 1618 1109; x_wconf 87' lang='lat' dir='ltr'><strong>hamb</strong></span> <span class='ocrx_word' id='word_1_78' title='bbox 1633 1066 1693 1107; x_wconf 84' lang='lat' dir='ltr'><strong>nan</strong></span> <span class='ocrx_word' id='word_1_79' title='bbox 1707 1051 1764 1107; x_wconf 80' lang='lat' dir='ltr'><strong>est.</strong></span> 
     </span>
    </p>
   </div>
   <div class='ocr_carea' id='block_1_4' title="bbox 215 1179 1651 1521">
    <p class='ocr_par' dir='ltr' id='par_1_4' title="bbox 215 1179 1651 1521">
     <span class='ocr_line' id='line_1_10' title="bbox 215 1179 1536 1253; baseline -0.002 -16"><span class='ocrx_word' id='word_1_80' title='bbox 215 1179 319 1238; x_wconf 86' lang='lat' dir='ltr'><strong>Omnis</strong></span> <span class='ocrx_word' id='word_1_81' title='bbox 334 1181 422 1239; x_wconf 88' lang='lat' dir='ltr'><strong>hemo</strong></span> <span class='ocrx_word' id='word_1_82' title='bbox 437 1181 513 1253; x_wconf 93' lang='lat' dir='ltr'><strong>lapis</strong></span> <span class='ocrx_word' id='word_1_83' title='bbox 529 1187 584 1239; x_wconf 90' lang='lat' dir='ltr'><strong>est.</strong></span> <span class='ocrx_word' id='word_1_84' title='bbox 1095 1179 1199 1237; x_wconf 87' lang='lat' dir='ltr'><strong>anis</strong></span> <span class='ocrx_word' id='word_1_85' title='bbox 1213 1179 1288 1251; x_wconf 88' lang='lat' dir='ltr'><strong>lapis</strong></span> <span class='ocrx_word' id='word_1_86' title='bbox 1303 1196 1361 1236; x_wconf 88' lang='lat' dir='ltr'><strong>uun</strong></span> <span class='ocrx_word' id='word_1_87' title='bbox 1378 1179 1465 1235; x_wconf 85' lang='lat' dir='ltr'><strong>bamb</strong></span> <span class='ocrx_word' id='word_1_88' title='bbox 1480 1183 1536 1235; x_wconf 87' lang='lat' dir='ltr'><strong>set.</strong></span> 
     </span>
     <span class='ocr_line' id='line_1_11' title="bbox 217 1267 1535 1343; baseline -0.004 -16"><span class='ocrx_word' id='word_1_89' title='bbox 217 1270 323 1327; x_wconf 86' lang='lat' dir='ltr'><strong>Nullus</strong></span> <span class='ocrx_word' id='word_1_90' title='bbox 334 1270 419 1327; x_wconf 86' lang='lat' dir='ltr'><strong>bomo</strong></span> <span class='ocrx_word' id='word_1_91' title='bbox 434 1270 508 1343; x_wconf 91' lang='lat' dir='ltr'><strong>lapis</strong></span> <span class='ocrx_word' id='word_1_92' title='bbox 523 1274 578 1328; x_wconf 88' lang='lat' dir='ltr'><strong>est.</strong></span> <span class='ocrx_word' id='word_1_93' title='bbox 1095 1268 1198 1325; x_wconf 85' lang='lat' dir='ltr'><strong>Nullus</strong></span> <span class='ocrx_word' id='word_1_94' title='bbox 1212 1267 1288 1340; x_wconf 90' lang='lat' dir='ltr'><strong>lapis</strong></span> <span class='ocrx_word' id='word_1_95' title='bbox 1302 1284 1360 1324; x_wconf 87' lang='lat' dir='ltr'><strong>non</strong></span> <span class='ocrx_word' id='word_1_96' title='bbox 1377 1267 1465 1324; x_wconf 88' lang='lat' dir='ltr'><strong>homo</strong></span> <span class='ocrx_word' id='word_1_97' title='bbox 1480 1271 1535 1323; x_wconf 89' lang='grc' dir='ltr'><strong>εει.</strong></span> 
     </span>
     <span class='ocr_line' id='line_1_12' title="bbox 218 1356 1557 1433; baseline -0.004 -17"><span class='ocrx_word' id='word_1_98' title='bbox 218 1359 342 1426; x_wconf 89' lang='lat' dir='ltr'><strong>Quidam</strong></span> <span class='ocrx_word' id='word_1_99' title='bbox 360 1360 446 1418; x_wconf 89' lang='lat' dir='ltr'><strong>bomo</strong></span> <span class='ocrx_word' id='word_1_100' title='bbox 462 1359 537 1433; x_wconf 90' lang='lat' dir='ltr'><strong>lapis</strong></span> <span class='ocrx_word' id='word_1_101' title='bbox 551 1364 605 1417; x_wconf 86' lang='lat' dir='ltr'><strong>est.</strong></span> <span class='ocrx_word' id='word_1_102' title='bbox 1094 1357 1218 1425; x_wconf 91' lang='lat' dir='ltr'><strong>Quidam</strong></span> <span class='ocrx_word' id='word_1_103' title='bbox 1234 1357 1309 1431; x_wconf 89' lang='lat' dir='ltr'><strong>lapis</strong></span> <span class='ocrx_word' id='word_1_104' title='bbox 1324 1373 1382 1413; x_wconf 87' lang='lat' dir='ltr'><strong>beu</strong></span> <span class='ocrx_word' id='word_1_105' title='bbox 1397 1356 1486 1413; x_wconf 88' lang='lat' dir='ltr'><strong>home</strong></span> <span class='ocrx_word' id='word_1_106' title='bbox 1502 1358 1557 1412; x_wconf 90' lang='lat' dir='ltr'><strong>est.</strong></span> 
     </span>
     <span class='ocr_line' id='line_1_13' title="bbox 220 1444 1651 1521; baseline -0.005 -17"><span class='ocrx_word' id='word_1_107' title='bbox 220 1449 345 1514; x_wconf 89' lang='lat' dir='ltr'><strong>Quidam</strong></span> <span class='ocrx_word' id='word_1_108' title='bbox 361 1448 450 1505; x_wconf 89' lang='lat' dir='ltr'><strong>homo</strong></span> <span class='ocrx_word' id='word_1_109' title='bbox 468 1448 543 1521; x_wconf 90' lang='lat' dir='ltr'><strong>lapis</strong></span> <span class='ocrx_word' id='word_1_110' title='bbox 559 1465 617 1506; x_wconf 88' lang='lat' dir='ltr'><strong>nou</strong></span> <span class='ocrx_word' id='word_1_111' title='bbox 632 1451 687 1505; x_wconf 82' lang='lat' dir='ltr'><strong>est.</strong></span> <span class='ocrx_word' id='word_1_112' title='bbox 1094 1447 1218 1516; x_wconf 84' lang='lat' dir='ltr'><strong>Quidam</strong></span> <span class='ocrx_word' id='word_1_113' title='bbox 1234 1445 1310 1519; x_wconf 91' lang='lat' dir='ltr'><strong>lapis</strong></span> <span class='ocrx_word' id='word_1_114' title='bbox 1325 1461 1383 1502; x_wconf 86' lang='lat' dir='ltr'><strong>uun</strong></span> <span class='ocrx_word' id='word_1_115' title='bbox 1398 1444 1503 1501; x_wconf 89' lang='lat' dir='ltr'><strong>homos</strong></span> <span class='ocrx_word' id='word_1_116' title='bbox 1519 1459 1579 1501; x_wconf 90' lang='lat' dir='ltr'><strong>neu</strong></span> <span class='ocrx_word' id='word_1_117' title='bbox 1592 1445 1651 1499; x_wconf 89' lang='lat' dir='ltr'><strong>eat.</strong></span> 
     </span>
    </p>
   </div>
   <div class='ocr_carea' id='block_1_5' title="bbox 220 1570 1703 1904">
    <p class='ocr_par' dir='ltr' id='par_1_5' title="bbox 220 1570 1559 1630">
     <span class='ocr_line' id='line_1_14' title="bbox 220 1570 1559 1630; baseline -0.004 0"><span class='ocrx_word' id='word_1_118' title='bbox 220 1574 323 1630; x_wconf 88' lang='lat' dir='ltr'><strong>Omnis</strong></span> <span class='ocrx_word' id='word_1_119' title='bbox 338 1572 425 1630; x_wconf 88' lang='lat' dir='ltr'><strong>bomo</strong></span> <span class='ocrx_word' id='word_1_120' title='bbox 441 1572 564 1630; x_wconf 88' lang='lat' dir='ltr'><strong>risibilis</strong></span> <span class='ocrx_word' id='word_1_121' title='bbox 579 1576 634 1629; x_wconf 86' lang='lat' dir='ltr'><strong>eet.</strong></span> <span class='ocrx_word' id='word_1_122' title='bbox 1095 1571 1188 1630; x_wconf 87' lang='lat' dir='ltr'><strong>Omne</strong></span> <span class='ocrx_word' id='word_1_123' title='bbox 1198 1571 1310 1629; x_wconf 74' lang='lat' dir='ltr'><strong>risibile</strong></span> <span class='ocrx_word' id='word_1_124' title='bbox 1325 1588 1382 1627; x_wconf 88' lang='lat' dir='ltr'><strong>nen</strong></span> <span class='ocrx_word' id='word_1_125' title='bbox 1400 1570 1488 1627; x_wconf 88' lang='lat' dir='ltr'><strong>bomo</strong></span> <span class='ocrx_word' id='word_1_126' title='bbox 1504 1577 1559 1626; x_wconf 86' lang='grc' dir='ltr'><strong>εει.</strong></span> 
     </span>
    </p>

    <p class='ocr_par' dir='ltr' id='par_1_6' title="bbox 220 1659 1703 1904">
     <span class='ocr_line' id='line_1_15' title="bbox 220 1659 1576 1719; baseline -0.004 -2"><span class='ocrx_word' id='word_1_127' title='bbox 220 1662 325 1719; x_wconf 84' lang='lat' dir='ltr'><strong>Nullus</strong></span> <span class='ocrx_word' id='word_1_128' title='bbox 340 1663 428 1718; x_wconf 86' lang='lat' dir='ltr'><strong>boma</strong></span> <span class='ocrx_word' id='word_1_129' title='bbox 444 1660 576 1718; x_wconf 86' lang='lat' dir='ltr'><strong>risibillis</strong></span> <span class='ocrx_word' id='word_1_130' title='bbox 590 1665 645 1718; x_wconf 89' lang='grc' dir='ltr'><strong>εει.</strong></span> <span class='ocrx_word' id='word_1_131' title='bbox 1095 1661 1215 1718; x_wconf 86' lang='lat' dir='ltr'><strong>Nullum</strong></span> <span class='ocrx_word' id='word_1_132' title='bbox 1231 1661 1333 1717; x_wconf 86' lang='lat' dir='ltr'><strong>risible</strong></span> <span class='ocrx_word' id='word_1_133' title='bbox 1348 1676 1405 1717; x_wconf 89' lang='lat' dir='ltr'><strong>neu</strong></span> <span class='ocrx_word' id='word_1_134' title='bbox 1421 1659 1509 1716; x_wconf 89' lang='lat' dir='ltr'><strong>hemo</strong></span> <span class='ocrx_word' id='word_1_135' title='bbox 1524 1661 1576 1716; x_wconf 76' lang='grc' dir='ltr'><strong>εει.</strong></span> 
     </span>
     <span class='ocr_line' id='line_1_16' title="bbox 221 1748 1620 1827; baseline -0.004 -21"><span class='ocrx_word' id='word_1_136' title='bbox 221 1750 346 1818; x_wconf 86' lang='lat' dir='ltr'><strong>Quidam</strong></span> <span class='ocrx_word' id='word_1_137' title='bbox 361 1749 449 1806; x_wconf 87' lang='lat' dir='ltr'><strong>bomo</strong></span> <span class='ocrx_word' id='word_1_138' title='bbox 466 1749 589 1806; x_wconf 88' lang='lat' dir='ltr'><strong>risibilis</strong></span> <span class='ocrx_word' id='word_1_139' title='bbox 603 1754 657 1806; x_wconf 89' lang='grc' dir='ltr'><strong>εει.</strong></span> <span class='ocrx_word' id='word_1_140' title='bbox 951 1759 976 1827; x_wconf 78' lang='grc' dir='ltr'><strong>Β</strong></span> <span class='ocrx_word' id='word_1_141' title='bbox 1095 1751 1246 1816; x_wconf 83' lang='lat' dir='ltr'><strong>Quoddam</strong></span> <span class='ocrx_word' id='word_1_142' title='bbox 1263 1749 1374 1805; x_wconf 83' lang='lat' dir='ltr'><strong>risibile</strong></span> <span class='ocrx_word' id='word_1_143' title='bbox 1389 1765 1447 1805; x_wconf 91' lang='lat' dir='ltr'><strong>nou</strong></span> <span class='ocrx_word' id='word_1_144' title='bbox 1463 1748 1550 1804; x_wconf 89' lang='lat' dir='ltr'><strong>home</strong></span> <span class='ocrx_word' id='word_1_145' title='bbox 1564 1749 1620 1804; x_wconf 86' lang='lat' dir='ltr'><strong>est.</strong></span> 
     </span>
     <span class='ocr_line' id='line_1_17' title="bbox 220 1837 1703 1904; baseline -0.004 -9"><span class='ocrx_word' id='word_1_146' title='bbox 220 1839 343 1904; x_wconf 81' lang='lat' dir='ltr'><strong>Quidam</strong></span> <span class='ocrx_word' id='word_1_147' title='bbox 358 1838 446 1898; x_wconf 88' lang='lat' dir='ltr'><strong>homo</strong></span> <span class='ocrx_word' id='word_1_148' title='bbox 462 1838 584 1896; x_wconf 85' lang='lat' dir='ltr'><strong>risibilis</strong></span> <span class='ocrx_word' id='word_1_149' title='bbox 599 1855 657 1896; x_wconf 88' lang='lat' dir='ltr'><strong>abu</strong></span> <span class='ocrx_word' id='word_1_150' title='bbox 671 1845 727 1897; x_wconf 89' lang='lat' dir='ltr'><strong>est.</strong></span> <span class='ocrx_word' id='word_1_151' title='bbox 1095 1839 1247 1904; x_wconf 89' lang='lat' dir='ltr'><strong>Quoddam</strong></span> <span class='ocrx_word' id='word_1_152' title='bbox 1264 1837 1376 1896; x_wconf 77' lang='lat' dir='ltr'><strong>risibile</strong></span> <span class='ocrx_word' id='word_1_153' title='bbox 1392 1853 1451 1895; x_wconf 86' lang='lat' dir='ltr'><strong>neu</strong></span> <span class='ocrx_word' id='word_1_154' title='bbox 1466 1838 1555 1894; x_wconf 90' lang='lat' dir='ltr'><strong>bomo</strong></span> <span class='ocrx_word' id='word_1_155' title='bbox 1571 1850 1630 1893; x_wconf 89' lang='lat' dir='ltr'><strong>uon</strong></span> <span class='ocrx_word' id='word_1_156' title='bbox 1646 1837 1703 1891; x_wconf 88' lang='grc' dir='ltr'><strong>εει.</strong></span> 
     </span>
    </p>
   </div>
   <div class='ocr_carea' id='block_1_6' title="bbox 37 1969 1814 2757">
    <p class='ocr_par' dir='ltr' id='par_1_7' title="bbox 37 1969 1814 2757">
     <span class='ocr_line' id='line_1_18' title="bbox 112 1969 1810 2049; baseline -0.004 -20"><span class='ocrx_word' id='word_1_157' title='bbox 112 1973 221 2030; x_wconf 84' lang='lat' dir='ltr'><strong>Harum</strong></span> <span class='ocrx_word' id='word_1_158' title='bbox 239 1974 329 2047; x_wconf 87' lang='lat' dir='ltr'><strong>igitur</strong></span> <span class='ocrx_word' id='word_1_159' title='bbox 343 1975 373 2030; x_wconf 89' lang='lat' dir='ltr'><strong>ia</strong></span> <span class='ocrx_word' id='word_1_160' title='bbox 395 1973 644 2030; x_wconf 77' lang='lat' dir='ltr'><strong>affirmationibus</strong></span> <span class='ocrx_word' id='word_1_161' title='bbox 672 1972 790 2046; x_wconf 86' lang='lat' dir='ltr'><strong>quidem</strong></span> <span class='ocrx_word' id='word_1_162' title='bbox 820 1971 938 2029; x_wconf 83' lang='lat' dir='ltr'><strong>uuiver-</strong></span> <span class='ocrx_word' id='word_1_163' title='bbox 992 1992 1059 2033; x_wconf 89' lang='lat' dir='ltr'><strong>eum</strong></span> <span class='ocrx_word' id='word_1_164' title='bbox 1071 1974 1201 2049; x_wconf 83' lang='lat' dir='ltr'><strong>separari</strong></span> <span class='ocrx_word' id='word_1_165' title='bbox 1213 1973 1403 2048; x_wconf 85' lang='lat' dir='ltr'><strong>poesint‚tum</strong></span> <span class='ocrx_word' id='word_1_166' title='bbox 1415 1971 1459 2029; x_wconf 82' lang='lat' dir='ltr'><strong>vel</strong></span> <span class='ocrx_word' id='word_1_167' title='bbox 1471 1973 1583 2044; x_wconf 88' lang='lat' dir='ltr'><strong>majera</strong></span> <span class='ocrx_word' id='word_1_168' title='bbox 1593 1969 1810 2042; x_wconf 84' lang='lat' dir='ltr'><strong>sunt,utjustus</strong></span> 
     </span>
     <span class='ocr_line' id='line_1_19' title="bbox 113 2059 1810 2134; baseline -0.004 -15"><span class='ocrx_word' id='word_1_169' title='bbox 113 2063 227 2120; x_wconf 85' lang='lat' dir='ltr'><strong>selibus</strong></span> <span class='ocrx_word' id='word_1_170' title='bbox 243 2064 268 2119; x_wconf 91' lang='lat' dir='ltr'><strong>si</strong></span> <span class='ocrx_word' id='word_1_171' title='bbox 280 2079 314 2119; x_wconf 88' lang='lat' dir='ltr'><strong>aa</strong></span> <span class='ocrx_word' id='word_1_172' title='bbox 324 2063 360 2120; x_wconf 88' lang='lat' dir='ltr'><strong>de</strong></span> <span class='ocrx_word' id='word_1_173' title='bbox 371 2063 504 2134; x_wconf 78' lang='lat' dir='ltr'><strong>subjectu</strong></span> <span class='ocrx_word' id='word_1_174' title='bbox 518 2061 788 2134; x_wconf 81' lang='lat' dir='ltr'><strong>praedieeuturque</strong></span> <span class='ocrx_word' id='word_1_175' title='bbox 798 2065 826 2117; x_wconf 89' lang='grc' dir='ltr'><strong>ει</strong></span> <span class='ocrx_word' id='word_1_176' title='bbox 836 2061 940 2117; x_wconf 85' lang='lat' dir='ltr'><strong>edesse</strong></span> <span class='ocrx_word' id='word_1_177' title='bbox 991 2064 1120 2130; x_wconf 78' lang='lat' dir='ltr'><strong>homine.</strong></span> <span class='ocrx_word' id='word_1_178' title='bbox 1137 2063 1180 2119; x_wconf 87' lang='lat' dir='ltr'><strong>vel</strong></span> <span class='ocrx_word' id='word_1_179' title='bbox 1197 2063 1321 2131; x_wconf 85' lang='lat' dir='ltr'><strong>minure,</strong></span> <span class='ocrx_word' id='word_1_180' title='bbox 1334 2067 1367 2119; x_wconf 87' lang='lat' dir='ltr'><strong>ut</strong></span> <span class='ocrx_word' id='word_1_181' title='bbox 1376 2061 1588 2134; x_wconf 82' lang='lat' dir='ltr'><strong>grammaticus</strong></span> <span class='ocrx_word' id='word_1_182' title='bbox 1597 2059 1730 2127; x_wconf 86' lang='lat' dir='ltr'><strong>bomine,</strong></span> <span class='ocrx_word' id='word_1_183' title='bbox 1741 2072 1810 2114; x_wconf 85' lang='lat' dir='ltr'><strong>eam·</strong></span> 
     </span>
     <span class='ocr_line' id='line_1_20' title="bbox 114 2147 1812 2222; baseline -0.004 -14"><span class='ocrx_word' id='word_1_184' title='bbox 114 2155 145 2208; x_wconf 87' lang='grc' dir='ltr'><strong>ει</strong></span> <span class='ocrx_word' id='word_1_185' title='bbox 159 2154 258 2208; x_wconf 82' lang='grc' dir='ltr'><strong>ειεεεε</strong></span> <span class='ocrx_word' id='word_1_186' title='bbox 273 2153 455 2222; x_wconf 79' lang='lat' dir='ltr'><strong>contingant,</strong></span> <span class='ocrx_word' id='word_1_187' title='bbox 472 2151 533 2208; x_wconf 85' lang='lat' dir='ltr'><strong>sive</strong></span> <span class='ocrx_word' id='word_1_188' title='bbox 546 2150 617 2206; x_wconf 90' lang='lat' dir='ltr'><strong>illud</strong></span> <span class='ocrx_word' id='word_1_189' title='bbox 634 2151 768 2222; x_wconf 81' lang='lat' dir='ltr'><strong>subjecte</strong></span> <span class='ocrx_word' id='word_1_190' title='bbox 784 2149 938 2222; x_wconf 87' lang='lat' dir='ltr'><strong>majussit,</strong></span> <span class='ocrx_word' id='word_1_191' title='bbox 991 2147 1812 2219; x_wconf 70' lang='lat' dir='ltr'><strong>munisaillrmetienesveritatesebtinebitrtliaverequs·</strong></span> 
     </span>
     <span class='ocr_line' id='line_1_21' title="bbox 118 2235 1813 2314; baseline -0.004 -18"><span class='ocrx_word' id='word_1_192' title='bbox 118 2246 150 2298; x_wconf 94' lang='lat' dir='ltr'><strong>ut</strong></span> <span class='ocrx_word' id='word_1_193' title='bbox 157 2239 276 2312; x_wconf 74' lang='lat' dir='ltr'><strong>lustitia</strong></span> <span class='ocrx_word' id='word_1_194' title='bbox 292 2241 420 2309; x_wconf 85' lang='lat' dir='ltr'><strong>bomine,</strong></span> <span class='ocrx_word' id='word_1_195' title='bbox 432 2239 491 2296; x_wconf 84' lang='lat' dir='ltr'><strong>sive</strong></span> <span class='ocrx_word' id='word_1_196' title='bbox 504 2239 612 2308; x_wconf 87' lang='lat' dir='ltr'><strong>minus,</strong></span> <span class='ocrx_word' id='word_1_197' title='bbox 625 2246 658 2295; x_wconf 90' lang='lat' dir='ltr'><strong>ut</strong></span> <span class='ocrx_word' id='word_1_198' title='bbox 667 2237 877 2310; x_wconf 86' lang='lat' dir='ltr'><strong>grammatibus</strong></span> <span class='ocrx_word' id='word_1_199' title='bbox 888 2237 940 2294; x_wconf 91' lang='lat' dir='ltr'><strong>hb·</strong></span> <span class='ocrx_word' id='word_1_200' title='bbox 992 2244 1064 2299; x_wconf 87' lang='lat' dir='ltr'><strong>libet</strong></span> <span class='ocrx_word' id='word_1_201' title='bbox 1072 2242 1239 2314; x_wconf 78' lang='lat' dir='ltr'><strong>pradicatio</strong></span> <span class='ocrx_word' id='word_1_202' title='bbox 1251 2258 1339 2298; x_wconf 91' lang='lat' dir='ltr'><strong>uuam</strong></span> <span class='ocrx_word' id='word_1_203' title='bbox 1351 2257 1460 2309; x_wconf 84' lang='lat' dir='ltr'><strong>veram,</strong></span> <span class='ocrx_word' id='word_1_204' title='bbox 1471 2239 1591 2296; x_wconf 82' lang='lat' dir='ltr'><strong>alteram</strong></span> <span class='ocrx_word' id='word_1_205' title='bbox 1603 2254 1725 2310; x_wconf 86' lang='lat' dir='ltr'><strong>semper</strong></span> <span class='ocrx_word' id='word_1_206' title='bbox 1735 2235 1813 2292; x_wconf 83' lang='lat' dir='ltr'><strong>laeiet</strong></span> 
     </span>
     <span class='ocr_line' id='line_1_22' title="bbox 119 2324 1811 2402; baseline -0.009 -7"><span class='ocrx_word' id='word_1_207' title='bbox 119 2330 209 2395; x_wconf 71' lang='grc' dir='ltr'>ῐΰῑῦθ,</span> <span class='ocrx_word' id='word_1_208' title='bbox 225 2328 269 2386; x_wconf 70' lang='lat' dir='ltr'><strong>th</strong></span> <span class='ocrx_word' id='word_1_209' title='bbox 285 2327 310 2385; x_wconf 63' lang='grc' dir='ltr'><strong>εἰ</strong></span> <span class='ocrx_word' id='word_1_210' title='bbox 320 2344 354 2384; x_wconf 68' lang='lat'><strong>⁰³</strong></span> <span class='ocrx_word' id='word_1_211' title='bbox 364 2345 429 2401; x_wconf 69' lang='lat' dir='ltr'><strong>(1¹¹ae</strong></span> <span class='ocrx_word' id='word_1_212' title='bbox 439 2328 561 2385; x_wconf 68' lang='lat' dir='ltr'><strong>omnino</strong></span> <span class='ocrx_word' id='word_1_213' title='bbox 572 2328 676 2383; x_wconf 63' lang='lat' dir='ltr'><strong>&amp;dem</strong></span> <span class='ocrx_word' id='word_1_214' title='bbox 688 2343 746 2383; x_wconf 73' lang='lat'><strong>¹1⁰⁰</strong></span> <span class='ocrx_word' id='word_1_215' title='bbox 758 2331 893 2398; x_wconf 63' lang='lat' dir='ltr'><strong>potsunt,</strong></span> <span class='ocrx_word' id='word_1_216' title='bbox 907 2329 942 2383; x_wconf 72' lang='lat' dir='ltr'><strong>ul</strong></span> <span class='ocrx_word' id='word_1_217' title='bbox 993 2324 1811 2402; x_wconf 82' lang='lat' dir='ltr'><strong>assemeudaeem,sednunquambornmuuitermeutieu·</strong></span> 
     </span>
     <span class='ocr_line' id='line_1_23' title="bbox 118 2414 1814 2493; baseline -0.004 -18"><span class='ocrx_word' id='word_1_218' title='bbox 118 2418 328 2491; x_wconf 88' lang='lat' dir='ltr'><strong>lapiebomiui‚</strong></span> <span class='ocrx_word' id='word_1_219' title='bbox 340 2417 428 2473; x_wconf 91' lang='lat' dir='ltr'><strong>simul</strong></span> <span class='ocrx_word' id='word_1_220' title='bbox 444 2433 560 2490; x_wconf 78' lang='lat' dir='ltr'><strong>semper</strong></span> <span class='ocrx_word' id='word_1_221' title='bbox 572 2415 661 2473; x_wconf 82' lang='lat' dir='ltr'><strong>taleas</strong></span> <span class='ocrx_word' id='word_1_222' title='bbox 677 2432 742 2473; x_wconf 88' lang='lat' dir='ltr'><strong>esse</strong></span> <span class='ocrx_word' id='word_1_223' title='bbox 758 2420 940 2472; x_wconf 84' lang='lat' dir='ltr'><strong>ueeesesest.</strong></span> <span class='ocrx_word' id='word_1_224' title='bbox 992 2427 1051 2477; x_wconf 86' lang='lat' dir='ltr'><strong>tur.</strong></span> <span class='ocrx_word' id='word_1_225' title='bbox 1065 2422 1098 2477; x_wconf 90' lang='lat' dir='ltr'><strong>ln</strong></span> <span class='ocrx_word' id='word_1_226' title='bbox 1116 2419 1319 2493; x_wconf 74' lang='lat' dir='ltr'><strong>negationibus</strong></span> <span class='ocrx_word' id='word_1_227' title='bbox 1335 2435 1400 2475; x_wconf 87' lang='lat' dir='ltr'><strong>verb</strong></span> <span class='ocrx_word' id='word_1_228' title='bbox 1412 2417 1641 2491; x_wconf 74' lang='lat' dir='ltr'><strong>particularibus</strong></span> <span class='ocrx_word' id='word_1_229' title='bbox 1652 2416 1702 2472; x_wconf 86' lang='lat' dir='ltr'><strong>bie</strong></span> <span class='ocrx_word' id='word_1_230' title='bbox 1714 2414 1814 2470; x_wconf 89' lang='lat' dir='ltr'><strong>modus</strong></span> 
     </span>
     <span class='ocr_line' id='line_1_24' title="bbox 37 2502 1811 2581; baseline -0.003 -18"><span class='ocrx_word' id='word_1_231' title='bbox 37 2502 40 2507; x_wconf 83' lang='grc'><strong>’</strong></span> <span class='ocrx_word' id='word_1_232' title='bbox 122 2508 152 2564; x_wconf 92' lang='lat' dir='ltr'><strong>Si</strong></span> <span class='ocrx_word' id='word_1_233' title='bbox 168 2507 238 2580; x_wconf 90' lang='lat' dir='ltr'><strong>quid</strong></span> <span class='ocrx_word' id='word_1_234' title='bbox 254 2522 320 2563; x_wconf 84' lang='lat' dir='ltr'><strong>verb</strong></span> <span class='ocrx_word' id='word_1_235' title='bbox 335 2512 437 2579; x_wconf 80' lang='lat' dir='ltr'><strong>preter</strong></span> <span class='ocrx_word' id='word_1_236' title='bbox 451 2506 514 2562; x_wconf 80' lang='lat' dir='ltr'><strong>baee</strong></span> <span class='ocrx_word' id='word_1_237' title='bbox 528 2506 616 2561; x_wconf 85' lang='lat' dir='ltr'><strong>luerit</strong></span> <span class='ocrx_word' id='word_1_238' title='bbox 632 2505 835 2578; x_wconf 76' lang='lat' dir='ltr'><strong>prsdieatum,</strong></span> <span class='ocrx_word' id='word_1_239' title='bbox 852 2521 941 2561; x_wconf 89' lang='lat' dir='ltr'><strong>uuam</strong></span> <span class='ocrx_word' id='word_1_240' title='bbox 995 2518 1048 2576; x_wconf 83' lang='grc' dir='ltr'><strong>εει,</strong></span> <span class='ocrx_word' id='word_1_241' title='bbox 1063 2515 1097 2567; x_wconf 85' lang='lat' dir='ltr'><strong>ut</strong></span> <span class='ocrx_word' id='word_1_242' title='bbox 1121 2512 1182 2565; x_wconf 88' lang='lat' dir='ltr'><strong>sive</strong></span> <span class='ocrx_word' id='word_1_243' title='bbox 1210 2525 1244 2566; x_wconf 82' lang='lat' dir='ltr'><strong>ea</strong></span> <span class='ocrx_word' id='word_1_244' title='bbox 1267 2525 1331 2581; x_wconf 85' lang='lat' dir='ltr'><strong>que</strong></span> <span class='ocrx_word' id='word_1_245' title='bbox 1347 2509 1451 2564; x_wconf 87' lang='lat' dir='ltr'><strong>adesse</strong></span> <span class='ocrx_word' id='word_1_246' title='bbox 1466 2524 1523 2563; x_wconf 88' lang='lat' dir='ltr'><strong>non</strong></span> <span class='ocrx_word' id='word_1_247' title='bbox 1540 2510 1677 2578; x_wconf 80' lang='lat' dir='ltr'><strong>possunt,</strong></span> <span class='ocrx_word' id='word_1_248' title='bbox 1695 2509 1730 2560; x_wconf 93' lang='lat' dir='ltr'><strong>ut</strong></span> <span class='ocrx_word' id='word_1_249' title='bbox 1743 2502 1811 2576; x_wconf 84' lang='lat' dir='ltr'><strong>lapis</strong></span> 
     </span>
     <span class='ocr_line' id='line_1_25' title="bbox 122 2589 1811 2669; baseline -0.002 -17"><span class='ocrx_word' id='word_1_250' title='bbox 122 2611 231 2662; x_wconf 86' lang='lat' dir='ltr'><strong>veram,</strong></span> <span class='ocrx_word' id='word_1_251' title='bbox 247 2594 351 2652; x_wconf 81' lang='lat' dir='ltr'><strong>taleam</strong></span> <span class='ocrx_word' id='word_1_252' title='bbox 367 2594 488 2652; x_wconf 88' lang='lat' dir='ltr'><strong>alteram</strong></span> <span class='ocrx_word' id='word_1_253' title='bbox 516 2611 581 2651; x_wconf 87' lang='lat' dir='ltr'><strong>esse</strong></span> <span class='ocrx_word' id='word_1_254' title='bbox 610 2595 770 2665; x_wconf 83' lang='lat' dir='ltr'><strong>preveniat,</strong></span> <span class='ocrx_word' id='word_1_255' title='bbox 790 2609 942 2666; x_wconf 85' lang='lat' dir='ltr'><strong>nunquam</strong></span> <span class='ocrx_word' id='word_1_256' title='bbox 995 2598 1118 2668; x_wconf 84' lang='lat' dir='ltr'><strong>homini,</strong></span> <span class='ocrx_word' id='word_1_257' title='bbox 1141 2598 1202 2653; x_wconf 84' lang='lat' dir='ltr'><strong>siva</strong></span> <span class='ocrx_word' id='word_1_258' title='bbox 1226 2613 1291 2669; x_wconf 83' lang='lat' dir='ltr'><strong>quas</strong></span> <span class='ocrx_word' id='word_1_259' title='bbox 1315 2601 1439 2669; x_wconf 88' lang='lat' dir='ltr'><strong>possuut</strong></span> <span class='ocrx_word' id='word_1_260' title='bbox 1454 2612 1487 2651; x_wconf 87' lang='lat' dir='ltr'><strong>ae</strong></span> <span class='ocrx_word' id='word_1_261' title='bbox 1503 2598 1641 2666; x_wconf 87' lang='lat' dir='ltr'><strong>poterunt</strong></span> <span class='ocrx_word' id='word_1_262' title='bbox 1656 2589 1811 2665; x_wconf 81' lang='lat' dir='ltr'><strong>segregari,</strong></span> 
     </span>
     <span class='ocr_line' id='line_1_26' title="bbox 121 2679 1813 2757; baseline -0.005 -16"><span class='ocrx_word' id='word_1_263' title='bbox 121 2684 424 2757; x_wconf 86' lang='lat' dir='ltr'><strong>veruutriqueveritas</strong></span> <span class='ocrx_word' id='word_1_264' title='bbox 433 2683 652 2740; x_wconf 74' lang='lat' dir='ltr'><strong>consonabitlu</strong></span> <span class='ocrx_word' id='word_1_265' title='bbox 660 2682 865 2757; x_wconf 87' lang='lat' dir='ltr'><strong>negationibus</strong></span> <span class='ocrx_word' id='word_1_266' title='bbox 875 2698 943 2738; x_wconf 84' lang='lat' dir='ltr'><strong>verb</strong></span> <span class='ocrx_word' id='word_1_267' title='bbox 995 2704 1062 2744; x_wconf 89' lang='lat' dir='ltr'><strong>eum</strong></span> <span class='ocrx_word' id='word_1_268' title='bbox 1078 2691 1175 2744; x_wconf 83' lang='lat' dir='ltr'><strong>tamen</strong></span> <span class='ocrx_word' id='word_1_269' title='bbox 1200 2703 1301 2742; x_wconf 85' lang='lat' dir='ltr'><strong>eorum</strong></span> <span class='ocrx_word' id='word_1_270' title='bbox 1312 2684 1390 2741; x_wconf 88' lang='lat' dir='ltr'><strong>eliud</strong></span> <span class='ocrx_word' id='word_1_271' title='bbox 1409 2684 1505 2754; x_wconf 85' lang='lat' dir='ltr'><strong>majus</strong></span> <span class='ocrx_word' id='word_1_272' title='bbox 1517 2683 1566 2746; x_wconf 89' lang='lat' dir='ltr'><strong>sit,</strong></span> <span class='ocrx_word' id='word_1_273' title='bbox 1584 2687 1619 2737; x_wconf 90' lang='lat' dir='ltr'><strong>ut</strong></span> <span class='ocrx_word' id='word_1_274' title='bbox 1628 2680 1752 2753; x_wconf 71' lang='lat' dir='ltr'><strong>iustitia</strong></span> <span class='ocrx_word' id='word_1_275' title='bbox 1763 2679 1813 2735; x_wconf 88' lang='lat' dir='ltr'><strong>he·</strong></span> 
     </span>
    </p>
   </div>
   <div class='ocr_carea' id='block_1_7' title="bbox 8 2766 1814 2847">
    <p class='ocr_par' dir='ltr' id='par_1_8' title="bbox 8 2766 1814 2847">
     <span class='ocr_line' id='line_1_27' title="bbox 8 2766 1814 2847; baseline -0.006 -16"><span class='ocrx_word' id='word_1_276' title='bbox 8 2782 13 2791; x_wconf 83' lang='lat'><strong><em>¹</em></strong></span> <span class='ocrx_word' id='word_1_277' title='bbox 122 2774 336 2831; x_wconf 80' lang='lat' dir='ltr'><strong>uniuersalibus</strong></span> <span class='ocrx_word' id='word_1_278' title='bbox 352 2773 495 2847; x_wconf 81' lang='lat' dir='ltr'><strong>siquidem</strong></span> <span class='ocrx_word' id='word_1_279' title='bbox 511 2789 546 2829; x_wconf 86' lang='lat' dir='ltr'><strong>ea</strong></span> <span class='ocrx_word' id='word_1_280' title='bbox 560 2773 738 2844; x_wconf 81' lang='lat' dir='ltr'><strong>desubjeeto</strong></span> <span class='ocrx_word' id='word_1_281' title='bbox 750 2771 946 2844; x_wconf 75' lang='lat' dir='ltr'><strong>praedicentur</strong></span> <span class='ocrx_word' id='word_1_282' title='bbox 997 2778 1087 2845; x_wconf 79' lang='lat' dir='ltr'><strong>mine,</strong></span> <span class='ocrx_word' id='word_1_283' title='bbox 1098 2776 1177 2832; x_wconf 84' lang='lat' dir='ltr'><strong>aliud</strong></span> <span class='ocrx_word' id='word_1_284' title='bbox 1192 2776 1301 2842; x_wconf 84' lang='lat' dir='ltr'><strong>minus,</strong></span> <span class='ocrx_word' id='word_1_285' title='bbox 1314 2773 1565 2844; x_wconf 77' lang='lat' dir='ltr'><strong>utgremmatieue</strong></span> <span class='ocrx_word' id='word_1_286' title='bbox 1576 2771 1709 2836; x_wconf 88' lang='lat' dir='ltr'><strong>bomine,</strong></span> <span class='ocrx_word' id='word_1_287' title='bbox 1721 2766 1814 2842; x_wconf 84' lang='lat' dir='ltr'><strong>predi·</strong></span> 
     </span>
    </p>
   </div>
   <div class='ocr_carea' id='block_1_8' title="bbox 123 2859 1815 3466">
    <p class='ocr_par' dir='ltr' id='par_1_9' title="bbox 123 2859 1815 3466">
     <span class='ocr_line' id='line_1_28' title="bbox 123 2859 1812 2937; baseline -0.004 -18"><span class='ocrx_word' id='word_1_288' title='bbox 123 2881 187 2937; x_wconf 77' lang='lat' dir='ltr'><strong>qua</strong></span> <span class='ocrx_word' id='word_1_289' title='bbox 203 2880 220 2919; x_wconf 88' lang='lat' dir='ltr'><strong>a</strong></span> <span class='ocrx_word' id='word_1_290' title='bbox 235 2864 367 2936; x_wconf 77' lang='lat' dir='ltr'><strong>subjecto</strong></span> <span class='ocrx_word' id='word_1_291' title='bbox 384 2863 499 2919; x_wconf 85' lang='lat' dir='ltr'><strong>valeant</strong></span> <span class='ocrx_word' id='word_1_292' title='bbox 514 2862 674 2935; x_wconf 71' lang='lat' dir='ltr'><strong>segregari,</strong></span> <span class='ocrx_word' id='word_1_293' title='bbox 690 2860 753 2917; x_wconf 69' lang='lat' dir='ltr'><strong>sive</strong></span> <span class='ocrx_word' id='word_1_294' title='bbox 767 2859 818 2916; x_wconf 70' lang='lat' dir='ltr'><strong>illa</strong></span> <span class='ocrx_word' id='word_1_295' title='bbox 832 2861 945 2932; x_wconf 62' lang='lat' dir='ltr'><strong>major&amp;</strong></span> <span class='ocrx_word' id='word_1_296' title='bbox 997 2871 1111 2937; x_wconf 84' lang='lat' dir='ltr'><strong>centur,</strong></span> <span class='ocrx_word' id='word_1_297' title='bbox 1126 2866 1234 2921; x_wconf 87' lang='lat' dir='ltr'><strong>veritae</strong></span> <span class='ocrx_word' id='word_1_298' title='bbox 1255 2864 1387 2935; x_wconf 89' lang='lat' dir='ltr'><strong>utrisque</strong></span> <span class='ocrx_word' id='word_1_299' title='bbox 1410 2862 1567 2919; x_wconf 81' lang='lat' dir='ltr'><strong>constabit.</strong></span> <span class='ocrx_word' id='word_1_300' title='bbox 1584 2859 1735 2930; x_wconf 87' lang='lat' dir='ltr'><strong>Quidquid</strong></span> <span class='ocrx_word' id='word_1_301' title='bbox 1753 2871 1812 2913; x_wconf 82' lang='lat' dir='ltr'><strong>veru</strong></span> 
     </span>
     <span class='ocr_line' id='line_1_29' title="bbox 123 2946 1813 3028; baseline -0.012 -9"><span class='ocrx_word' id='word_1_302' title='bbox 123 2954 193 3020; x_wconf 66' lang='lat' dir='ltr'><strong>Sinis</strong></span> <span class='ocrx_word' id='word_1_303' title='bbox 210 2957 242 3008; x_wconf 68' lang='lat'><strong>¹¹2</strong></span> <span class='ocrx_word' id='word_1_304' title='bbox 254 2951 371 3023; x_wconf 66' lang='lat' dir='ltr'><strong>l&#39;ussllliss</strong></span> <span class='ocrx_word' id='word_1_305' title='bbox 384 2950 514 3019; x_wconf 73' lang='lat' dir='ltr'><strong>h0ffll⁰02</strong></span> <span class='ocrx_word' id='word_1_306' title='bbox 530 2951 591 3007; x_wconf 63' lang='lat' dir='ltr'><strong>Sive</strong></span> <span class='ocrx_word' id='word_1_307' title='bbox 607 2949 720 3006; x_wconf 65' lang='lat' dir='ltr'><strong>mium</strong></span> <span class='ocrx_word' id='word_1_308' title='bbox 737 2949 879 3005; x_wconf 72' lang='lat' dir='ltr'><strong>¹¹l00d0ffl</strong></span> <span class='ocrx_word' id='word_1_309' title='bbox 892 2953 944 3005; x_wconf 76' lang='lat'>11⁰·</span> <span class='ocrx_word' id='word_1_310' title='bbox 999 2954 1162 3027; x_wconf 86' lang='lat' dir='ltr'><strong>absquehib</strong></span> <span class='ocrx_word' id='word_1_311' title='bbox 1173 2946 1813 3028; x_wconf 76' lang='lat' dir='ltr'><strong>praedicabitur,veritatemuui‚alteridiuidet</strong></span> 
     </span>
     <span class='ocr_line' id='line_1_30' title="bbox 125 3035 1815 3113; baseline -0.002 -18"><span class='ocrx_word' id='word_1_312' title='bbox 125 3042 204 3097; x_wconf 89' lang='lat' dir='ltr'><strong>mine</strong></span> <span class='ocrx_word' id='word_1_313' title='bbox 219 3039 442 3113; x_wconf 85' lang='lat' dir='ltr'><strong>grammatibus,</strong></span> <span class='ocrx_word' id='word_1_314' title='bbox 458 3038 590 3108; x_wconf 83' lang='lat' dir='ltr'><strong>utrisque</strong></span> <span class='ocrx_word' id='word_1_315' title='bbox 599 3038 693 3094; x_wconf 88' lang='lat' dir='ltr'><strong>aderit</strong></span> <span class='ocrx_word' id='word_1_316' title='bbox 704 3038 778 3094; x_wconf 83' lang='lat' dir='ltr'><strong>falsa</strong></span> <span class='ocrx_word' id='word_1_317' title='bbox 788 3035 944 3094; x_wconf 82' lang='lat' dir='ltr'><strong>sententie.</strong></span> <span class='ocrx_word' id='word_1_318' title='bbox 1000 3042 1261 3111; x_wconf 72' lang='lat' dir='ltr'><strong>falsitatem‚aimui</strong></span> <span class='ocrx_word' id='word_1_319' title='bbox 1271 3047 1370 3098; x_wconf 81' lang='lat' dir='ltr'><strong>tamen</strong></span> <span class='ocrx_word' id='word_1_320' title='bbox 1381 3040 1471 3096; x_wconf 79' lang='lat' dir='ltr'><strong>falsas</strong></span> <span class='ocrx_word' id='word_1_321' title='bbox 1481 3055 1546 3095; x_wconf 88' lang='lat' dir='ltr'><strong>esse</strong></span> <span class='ocrx_word' id='word_1_322' title='bbox 1557 3054 1615 3093; x_wconf 88' lang='lat' dir='ltr'><strong>auu</strong></span> <span class='ocrx_word' id='word_1_323' title='bbox 1626 3037 1736 3094; x_wconf 87' lang='lat' dir='ltr'><strong>evenit.</strong></span> <span class='ocrx_word' id='word_1_324' title='bbox 1752 3037 1815 3091; x_wconf 83' lang='lat' dir='ltr'><strong>item</strong></span> 
     </span>
     <span class='ocr_line' id='line_1_31' title="bbox 126 3118 1815 3204; baseline -0.002 -20"><span class='ocrx_word' id='word_1_325' title='bbox 126 3127 827 3202; x_wconf 77' lang='lat' dir='ltr'><strong>Quidquidverbreliquerumlueritpraedieatum</strong></span> <span class='ocrx_word' id='word_1_326' title='bbox 840 3125 891 3182; x_wconf 92' lang='lat' dir='ltr'><strong>uni</strong></span> <span class='ocrx_word' id='word_1_327' title='bbox 901 3141 946 3182; x_wconf 83' lang='lat' dir='ltr'><strong>ve·</strong></span> <span class='ocrx_word' id='word_1_328' title='bbox 961 3118 984 3189; x_wconf 83' lang='lat' dir='ltr'><strong>G</strong></span> <span class='ocrx_word' id='word_1_329' title='bbox 1003 3133 1158 3202; x_wconf 66' lang='lat' dir='ltr'><strong>descriptio</strong></span> <span class='ocrx_word' id='word_1_330' title='bbox 1168 3137 1426 3204; x_wconf 68' lang='lat' dir='ltr'><strong>supputanturque</strong></span> <span class='ocrx_word' id='word_1_331' title='bbox 1440 3127 1535 3201; x_wconf 85' lang='lat' dir='ltr'><strong>priore</strong></span> <span class='ocrx_word' id='word_1_332' title='bbox 1547 3123 1815 3198; x_wconf 83' lang='lat' dir='ltr'><strong>partesimplieibut</strong></span> 
     </span>
     <span class='ocr_line' id='line_1_32' title="bbox 128 3215 1814 3293; baseline -0.001 -20"><span class='ocrx_word' id='word_1_333' title='bbox 128 3216 297 3285; x_wconf 86' lang='lat' dir='ltr'><strong>rum,alteri</strong></span> <span class='ocrx_word' id='word_1_334' title='bbox 308 3217 950 3287; x_wconf 79' lang='lat' dir='ltr'><strong>l&#39;aeietadeesemenduciumlluuquamuerb</strong></span> <span class='ocrx_word' id='word_1_335' title='bbox 1004 3221 1162 3292; x_wconf 77' lang='lat' dir='ltr'><strong>collocatis,</strong></span> <span class='ocrx_word' id='word_1_336' title='bbox 1175 3237 1224 3277; x_wconf 88' lang='lat' dir='ltr'><strong>eas</strong></span> <span class='ocrx_word' id='word_1_337' title='bbox 1234 3237 1298 3293; x_wconf 82' lang='lat' dir='ltr'><strong>qua</strong></span> <span class='ocrx_word' id='word_1_338' title='bbox 1309 3235 1448 3276; x_wconf 79' lang='lat' dir='ltr'><strong>converso</strong></span> <span class='ocrx_word' id='word_1_339' title='bbox 1459 3219 1560 3275; x_wconf 87' lang='lat' dir='ltr'><strong>ordine</strong></span> <span class='ocrx_word' id='word_1_340' title='bbox 1570 3215 1741 3286; x_wconf 76' lang='lat' dir='ltr'><strong>subjeetum</strong></span> <span class='ocrx_word' id='word_1_341' title='bbox 1757 3225 1814 3269; x_wconf 82' lang='lat' dir='ltr'><strong>buu</strong></span> 
     </span>
     <span class='ocr_line' id='line_1_33' title="bbox 128 3304 1792 3386; baseline -0.002 -25"><span class='ocrx_word' id='word_1_342' title='bbox 128 3306 159 3361; x_wconf 90' lang='lat' dir='ltr'><strong>in</strong></span> <span class='ocrx_word' id='word_1_343' title='bbox 174 3306 222 3361; x_wconf 91' lang='lat' dir='ltr'><strong>his</strong></span> <span class='ocrx_word' id='word_1_344' title='bbox 236 3321 358 3362; x_wconf 85' lang='lat' dir='ltr'><strong>enubere</strong></span> <span class='ocrx_word' id='word_1_345' title='bbox 373 3307 480 3362; x_wconf 82' lang='lat' dir='ltr'><strong>veritas</strong></span> <span class='ocrx_word' id='word_1_346' title='bbox 494 3305 652 3362; x_wconf 78' lang='lat' dir='ltr'><strong>invenitur.</strong></span> <span class='ocrx_word' id='word_1_347' title='bbox 669 3305 702 3361; x_wconf 90' lang='lat' dir='ltr'><strong>lu</strong></span> <span class='ocrx_word' id='word_1_348' title='bbox 722 3305 949 3377; x_wconf 80' lang='lat' dir='ltr'><strong>particularibus</strong></span> <span class='ocrx_word' id='word_1_349' title='bbox 1002 3311 1156 3386; x_wconf 75' lang='lat' dir='ltr'><strong>negatione</strong></span> <span class='ocrx_word' id='word_1_350' title='bbox 1170 3315 1339 3384; x_wconf 87' lang='lat' dir='ltr'><strong>proponunt</strong></span> <span class='ocrx_word' id='word_1_351' title='bbox 1352 3306 1499 3366; x_wconf 81' lang='lat' dir='ltr'><strong>centraria</strong></span> <span class='ocrx_word' id='word_1_352' title='bbox 1513 3306 1609 3362; x_wconf 79' lang='lat' dir='ltr'><strong>leonte</strong></span> <span class='ocrx_word' id='word_1_353' title='bbox 1624 3304 1792 3361; x_wconf 81' lang='lat' dir='ltr'><strong>constituat</strong></span> 
     </span>
     <span class='ocr_line' id='line_1_34' title="bbox 128 3393 949 3466; baseline 0.004 -20"><span class='ocrx_word' id='word_1_354' title='bbox 128 3409 196 3449; x_wconf 86' lang='lat' dir='ltr'><strong>verb</strong></span> <span class='ocrx_word' id='word_1_355' title='bbox 207 3393 455 3450; x_wconf 80' lang='lat' dir='ltr'><strong>affirmationibus</strong></span> <span class='ocrx_word' id='word_1_356' title='bbox 465 3394 612 3466; x_wconf 86' lang='lat' dir='ltr'><strong>siquidem</strong></span> <span class='ocrx_word' id='word_1_357' title='bbox 623 3409 657 3450; x_wconf 85' lang='lat' dir='ltr'><strong>ee</strong></span> <span class='ocrx_word' id='word_1_358' title='bbox 667 3393 873 3466; x_wconf 77' lang='lat' dir='ltr'><strong>pradibeutur,</strong></span> <span class='ocrx_word' id='word_1_359' title='bbox 884 3408 949 3465; x_wconf 83' lang='lat' dir='ltr'><strong>qus</strong></span> 
     </span>
    </p>
   </div>
   <div class='ocr_carea' id='block_1_9' title="bbox 458 3556 1535 3646">
    <p class='ocr_par' dir='ltr' id='par_1_10' title="bbox 458 3556 1535 3646">
     <span class='ocr_line' id='line_1_35' title="bbox 458 3556 1535 3646; baseline -0.016 -17"><span class='ocrx_word' id='word_1_360' title='bbox 458 3572 621 3646; x_wconf 85' lang='lat' dir='ltr'><strong>Simplibee.</strong></span> <span class='ocrx_word' id='word_1_361' title='bbox 1037 3563 1189 3620; x_wconf 75' lang='lat' dir='ltr'><strong>Conversus</strong></span> <span class='ocrx_word' id='word_1_362' title='bbox 1202 3562 1240 3617; x_wconf 89' lang='lat' dir='ltr'><strong>ds</strong></span> <span class='ocrx_word' id='word_1_363' title='bbox 1254 3558 1387 3630; x_wconf 74' lang='lat' dir='ltr'><strong>subjecte</strong></span> <span class='ocrx_word' id='word_1_364' title='bbox 1407 3556 1535 3614; x_wconf 85' lang='lat' dir='ltr'><strong>induite.</strong></span> 
     </span>
    </p>
   </div>
   <div class='ocr_carea' id='block_1_10' title="bbox 300 3711 1489 3874">
    <p class='ocr_par' dir='ltr' id='par_1_11' title="bbox 300 3711 1489 3874">
     <span class='ocr_line' id='line_1_36' title="bbox 306 3711 1466 3785; baseline -0.016 -1"><span class='ocrx_word' id='word_1_365' title='bbox 306 3727 511 3785; x_wconf 82' lang='lat' dir='ltr'><strong>omnishomo</strong></span> <span class='ocrx_word' id='word_1_366' title='bbox 526 3726 636 3784; x_wconf 88' lang='lat' dir='ltr'><strong>animal</strong></span> <span class='ocrx_word' id='word_1_367' title='bbox 651 3730 706 3784; x_wconf 85' lang='lat' dir='ltr'><strong>ast.</strong></span> <span class='ocrx_word' id='word_1_368' title='bbox 1002 3724 1093 3774; x_wconf 86' lang='lat' dir='ltr'><strong>omne</strong></span> <span class='ocrx_word' id='word_1_369' title='bbox 1109 3732 1167 3773; x_wconf 86' lang='lat' dir='ltr'><strong>nou</strong></span> <span class='ocrx_word' id='word_1_370' title='bbox 1182 3711 1291 3771; x_wconf 87' lang='lat' dir='ltr'><strong>animal</strong></span> <span class='ocrx_word' id='word_1_371' title='bbox 1309 3712 1394 3768; x_wconf 91' lang='lat' dir='ltr'><strong>homo</strong></span> <span class='ocrx_word' id='word_1_372' title='bbox 1411 3714 1466 3768; x_wconf 98' lang='grc' dir='ltr'><strong>εει.</strong></span> 
     </span>
     <span class='ocr_line' id='line_1_37' title="bbox 300 3802 1489 3874; baseline -0.015 0"><span class='ocrx_word' id='word_1_373' title='bbox 300 3816 406 3874; x_wconf 83' lang='grc' dir='ltr'><strong>Νυιιεε</strong></span> <span class='ocrx_word' id='word_1_374' title='bbox 420 3817 506 3873; x_wconf 89' lang='lat' dir='ltr'><strong>boma</strong></span> <span class='ocrx_word' id='word_1_375' title='bbox 520 3815 630 3873; x_wconf 89' lang='lat' dir='ltr'><strong>animal</strong></span> <span class='ocrx_word' id='word_1_376' title='bbox 645 3819 700 3872; x_wconf 90' lang='lat' dir='ltr'><strong>est.</strong></span> <span class='ocrx_word' id='word_1_377' title='bbox 1003 3808 1121 3866; x_wconf 91' lang='lat' dir='ltr'><strong>Nullum</strong></span> <span class='ocrx_word' id='word_1_378' title='bbox 1138 3822 1196 3864; x_wconf 90' lang='lat' dir='ltr'><strong>nou</strong></span> <span class='ocrx_word' id='word_1_379' title='bbox 1207 3804 1317 3862; x_wconf 82' lang='lat' dir='ltr'><strong>animal</strong></span> <span class='ocrx_word' id='word_1_380' title='bbox 1333 3802 1421 3859; x_wconf 90' lang='lat' dir='ltr'><strong>homo</strong></span> <span class='ocrx_word' id='word_1_381' title='bbox 1434 3806 1489 3859; x_wconf 86' lang='grc' dir='ltr'><strong>εει.</strong></span> 
     </span>
    </p>
   </div>
   <div class='ocr_carea' id='block_1_11' title="bbox 304 3891 1603 4062">
    <p class='ocr_par' dir='ltr' id='par_1_12' title="bbox 304 3891 1603 4062">
     <span class='ocr_line' id='line_1_38' title="bbox 304 3891 1528 3972; baseline -0.014 -10"><span class='ocrx_word' id='word_1_382' title='bbox 304 3904 429 3972; x_wconf 90' lang='lat' dir='ltr'><strong>Quidam</strong></span> <span class='ocrx_word' id='word_1_383' title='bbox 444 3906 531 3963; x_wconf 89' lang='lat' dir='ltr'><strong>homo</strong></span> <span class='ocrx_word' id='word_1_384' title='bbox 544 3904 655 3962; x_wconf 85' lang='lat' dir='ltr'><strong>animal</strong></span> <span class='ocrx_word' id='word_1_385' title='bbox 670 3908 725 3961; x_wconf 88' lang='grc' dir='ltr'><strong>εει.</strong></span> <span class='ocrx_word' id='word_1_386' title='bbox 1003 3896 1155 3964; x_wconf 90' lang='lat' dir='ltr'><strong>Quoddam</strong></span> <span class='ocrx_word' id='word_1_387' title='bbox 1170 3911 1227 3951; x_wconf 89' lang='lat' dir='ltr'><strong>non</strong></span> <span class='ocrx_word' id='word_1_388' title='bbox 1245 3891 1354 3950; x_wconf 87' lang='lat' dir='ltr'><strong>amiuel</strong></span> <span class='ocrx_word' id='word_1_389' title='bbox 1371 3891 1456 3947; x_wconf 89' lang='lat' dir='ltr'><strong>bomo</strong></span> <span class='ocrx_word' id='word_1_390' title='bbox 1472 3895 1528 3947; x_wconf 87' lang='lat' dir='ltr'><strong>eat.</strong></span> 
     </span>
     <span class='ocr_line' id='line_1_39' title="bbox 306 3979 1603 4062; baseline -0.015 -11"><span class='ocrx_word' id='word_1_391' title='bbox 306 3995 432 4062; x_wconf 87' lang='lat' dir='ltr'><strong>Quidam</strong></span> <span class='ocrx_word' id='word_1_392' title='bbox 447 3995 535 4051; x_wconf 89' lang='lat' dir='ltr'><strong>humu</strong></span> <span class='ocrx_word' id='word_1_393' title='bbox 552 3992 661 4050; x_wconf 90' lang='lat' dir='ltr'><strong>animal</strong></span> <span class='ocrx_word' id='word_1_394' title='bbox 678 4009 735 4050; x_wconf 87' lang='lat' dir='ltr'><strong>ube</strong></span> <span class='ocrx_word' id='word_1_395' title='bbox 751 3996 805 4049; x_wconf 89' lang='lat' dir='ltr'><strong>est.</strong></span> <span class='ocrx_word' id='word_1_396' title='bbox 1003 3984 1153 4051; x_wconf 87' lang='lat' dir='ltr'><strong>Quoddam</strong></span> <span class='ocrx_word' id='word_1_397' title='bbox 1170 3998 1229 4038; x_wconf 87' lang='lat' dir='ltr'><strong>nou</strong></span> <span class='ocrx_word' id='word_1_398' title='bbox 1245 3979 1355 4038; x_wconf 87' lang='lat' dir='ltr'><strong>animal</strong></span> <span class='ocrx_word' id='word_1_399' title='bbox 1370 3979 1457 4035; x_wconf 89' lang='lat' dir='ltr'><strong>bomo</strong></span> <span class='ocrx_word' id='word_1_400' title='bbox 1473 3995 1531 4034; x_wconf 87' lang='lat' dir='ltr'><strong>nou</strong></span> <span class='ocrx_word' id='word_1_401' title='bbox 1547 3979 1603 4033; x_wconf 91' lang='grc' dir='ltr'><strong>εει.</strong></span> 
     </span>
    </p>
   </div>
   <div class='ocr_carea' id='block_1_12' title="bbox 306 4105 1524 4362">
    <p class='ocr_par' dir='ltr' id='par_1_13' title="bbox 306 4105 1524 4362">
     <span class='ocr_line' id='line_1_40' title="bbox 306 4105 1468 4177; baseline -0.015 0"><span class='ocrx_word' id='word_1_402' title='bbox 306 4119 409 4177; x_wconf 89' lang='lat' dir='ltr'><strong>Omnis</strong></span> <span class='ocrx_word' id='word_1_403' title='bbox 424 4119 513 4177; x_wconf 88' lang='lat' dir='ltr'><strong>humb</strong></span> <span class='ocrx_word' id='word_1_404' title='bbox 529 4118 652 4175; x_wconf 82' lang='lat' dir='ltr'><strong>risibilis</strong></span> <span class='ocrx_word' id='word_1_405' title='bbox 666 4123 721 4176; x_wconf 87' lang='grc' dir='ltr'><strong>εει.</strong></span> <span class='ocrx_word' id='word_1_406' title='bbox 1003 4110 1096 4167; x_wconf 89' lang='lat' dir='ltr'><strong>Omne</strong></span> <span class='ocrx_word' id='word_1_407' title='bbox 1111 4125 1170 4165; x_wconf 90' lang='lat' dir='ltr'><strong>nou</strong></span> <span class='ocrx_word' id='word_1_408' title='bbox 1185 4105 1297 4164; x_wconf 90' lang='lat' dir='ltr'><strong>risibile</strong></span> <span class='ocrx_word' id='word_1_409' title='bbox 1312 4105 1398 4160; x_wconf 90' lang='lat' dir='ltr'><strong>homo</strong></span> <span class='ocrx_word' id='word_1_410' title='bbox 1413 4108 1468 4160; x_wconf 85' lang='lat' dir='ltr'><strong>eet.</strong></span> 
     </span>
     <span class='ocr_line' id='line_1_41' title="bbox 306 4192 1495 4265; baseline -0.013 -1"><span class='ocrx_word' id='word_1_411' title='bbox 306 4208 411 4265; x_wconf 84' lang='lat' dir='ltr'><strong>Nullus</strong></span> <span class='ocrx_word' id='word_1_412' title='bbox 426 4207 516 4265; x_wconf 88' lang='lat' dir='ltr'><strong>hamb</strong></span> <span class='ocrx_word' id='word_1_413' title='bbox 532 4207 654 4263; x_wconf 84' lang='lat' dir='ltr'><strong>risibilis</strong></span> <span class='ocrx_word' id='word_1_414' title='bbox 666 4211 722 4264; x_wconf 88' lang='grc' dir='ltr'><strong>εει.</strong></span> <span class='ocrx_word' id='word_1_415' title='bbox 1002 4197 1121 4255; x_wconf 89' lang='lat' dir='ltr'><strong>Nullum</strong></span> <span class='ocrx_word' id='word_1_416' title='bbox 1138 4213 1195 4253; x_wconf 88' lang='lat' dir='ltr'><strong>buu</strong></span> <span class='ocrx_word' id='word_1_417' title='bbox 1211 4193 1323 4251; x_wconf 87' lang='lat' dir='ltr'><strong>risibile</strong></span> <span class='ocrx_word' id='word_1_418' title='bbox 1338 4192 1426 4250; x_wconf 89' lang='lat' dir='ltr'><strong>bomo</strong></span> <span class='ocrx_word' id='word_1_419' title='bbox 1441 4197 1495 4251; x_wconf 90' lang='grc' dir='ltr'><strong>εει.</strong></span> 
     </span>
     <span class='ocr_line' id='line_1_42' title="bbox 306 4283 1524 4362; baseline -0.014 -7"><span class='ocrx_word' id='word_1_420' title='bbox 306 4298 431 4362; x_wconf 86' lang='lat' dir='ltr'><strong>Quidam</strong></span> <span class='ocrx_word' id='word_1_421' title='bbox 448 4297 535 4353; x_wconf 88' lang='lat' dir='ltr'><strong>bomo</strong></span> <span class='ocrx_word' id='word_1_422' title='bbox 550 4294 685 4353; x_wconf 87' lang='lat' dir='ltr'><strong>risibilis.</strong></span> <span class='ocrx_word' id='word_1_423' title='bbox 1003 4287 1153 4356; x_wconf 82' lang='lat' dir='ltr'><strong>Quoddam</strong></span> <span class='ocrx_word' id='word_1_424' title='bbox 1170 4301 1227 4341; x_wconf 89' lang='lat' dir='ltr'><strong>nen</strong></span> <span class='ocrx_word' id='word_1_425' title='bbox 1243 4283 1357 4340; x_wconf 87' lang='lat' dir='ltr'><strong>risibile</strong></span> <span class='ocrx_word' id='word_1_426' title='bbox 1372 4283 1524 4339; x_wconf 88' lang='lat' dir='ltr'><strong>bombast.</strong></span> 
     </span>
    </p>
   </div>
   <div class='ocr_carea' id='block_1_13' title="bbox 306 4369 1601 4452">
    <p class='ocr_par' dir='ltr' id='par_1_14' title="bbox 306 4369 1601 4452">
     <span class='ocr_line' id='line_1_43' title="bbox 306 4369 1601 4452; baseline -0.012 -9"><span class='ocrx_word' id='word_1_427' title='bbox 306 4387 431 4452; x_wconf 89' lang='lat' dir='ltr'><strong>Quidem</strong></span> <span class='ocrx_word' id='word_1_428' title='bbox 447 4385 536 4442; x_wconf 87' lang='lat' dir='ltr'><strong>bomo</strong></span> <span class='ocrx_word' id='word_1_429' title='bbox 552 4383 676 4443; x_wconf 89' lang='lat' dir='ltr'><strong>risibilis</strong></span> <span class='ocrx_word' id='word_1_430' title='bbox 690 4401 748 4442; x_wconf 89' lang='lat' dir='ltr'><strong>nou</strong></span> <span class='ocrx_word' id='word_1_431' title='bbox 764 4388 820 4442; x_wconf 84' lang='lat' dir='ltr'><strong>est.</strong></span> <span class='ocrx_word' id='word_1_432' title='bbox 1004 4375 1154 4443; x_wconf 86' lang='lat' dir='ltr'><strong>Quoddam</strong></span> <span class='ocrx_word' id='word_1_433' title='bbox 1167 4388 1225 4429; x_wconf 86' lang='lat' dir='ltr'><strong>aba</strong></span> <span class='ocrx_word' id='word_1_434' title='bbox 1241 4369 1354 4428; x_wconf 86' lang='lat' dir='ltr'><strong>risibile</strong></span> <span class='ocrx_word' id='word_1_435' title='bbox 1369 4370 1457 4427; x_wconf 86' lang='lat' dir='ltr'><strong>homo</strong></span> <span class='ocrx_word' id='word_1_436' title='bbox 1473 4387 1531 4427; x_wconf 88' lang='lat' dir='ltr'><strong>eon</strong></span> <span class='ocrx_word' id='word_1_437' title='bbox 1545 4375 1601 4429; x_wconf 84' lang='lat' dir='ltr'><strong>est.</strong></span> 
     </span>
    </p>
   </div>
   <div class='ocr_carea' id='block_1_14' title="bbox 303 4487 1541 4848">
    <p class='ocr_par' dir='ltr' id='par_1_15' title="bbox 303 4487 1541 4848">
     <span class='ocr_line' id='line_1_44' title="bbox 306 4487 1443 4581; baseline -0.01 -19"><span class='ocrx_word' id='word_1_438' title='bbox 306 4510 406 4566; x_wconf 86' lang='lat' dir='ltr'><strong>omnis</strong></span> <span class='ocrx_word' id='word_1_439' title='bbox 422 4508 510 4566; x_wconf 87' lang='lat' dir='ltr'><strong>bomo</strong></span> <span class='ocrx_word' id='word_1_440' title='bbox 524 4508 599 4581; x_wconf 87' lang='lat' dir='ltr'><strong>lapis</strong></span> <span class='ocrx_word' id='word_1_441' title='bbox 612 4512 667 4565; x_wconf 86' lang='lat' dir='ltr'><strong>eet.</strong></span> <span class='ocrx_word' id='word_1_442' title='bbox 964 4487 989 4554; x_wconf 83' lang='lat' dir='ltr'><strong>ll</strong></span> <span class='ocrx_word' id='word_1_443' title='bbox 1003 4499 1108 4559; x_wconf 86' lang='lat' dir='ltr'><strong>Omnis</strong></span> <span class='ocrx_word' id='word_1_444' title='bbox 1121 4514 1178 4555; x_wconf 88' lang='lat' dir='ltr'><strong>beu</strong></span> <span class='ocrx_word' id='word_1_445' title='bbox 1193 4497 1269 4569; x_wconf 83' lang='lat' dir='ltr'><strong>lepis</strong></span> <span class='ocrx_word' id='word_1_446' title='bbox 1284 4496 1373 4552; x_wconf 87' lang='lat' dir='ltr'><strong>hemo</strong></span> <span class='ocrx_word' id='word_1_447' title='bbox 1388 4499 1443 4552; x_wconf 91' lang='grc' dir='ltr'><strong>εει.</strong></span> 
     </span>
     <span class='ocr_line' id='line_1_45' title="bbox 309 4587 1449 4671; baseline -0.012 -16"><span class='ocrx_word' id='word_1_448' title='bbox 309 4598 414 4655; x_wconf 90' lang='lat' dir='ltr'><strong>Nullus</strong></span> <span class='ocrx_word' id='word_1_449' title='bbox 428 4598 517 4656; x_wconf 89' lang='lat' dir='ltr'><strong>homo</strong></span> <span class='ocrx_word' id='word_1_450' title='bbox 531 4598 606 4671; x_wconf 89' lang='lat' dir='ltr'><strong>lapis</strong></span> <span class='ocrx_word' id='word_1_451' title='bbox 623 4603 676 4654; x_wconf 86' lang='lat' dir='ltr'><strong>ast.</strong></span> <span class='ocrx_word' id='word_1_452' title='bbox 1006 4591 1111 4648; x_wconf 85' lang='lat' dir='ltr'><strong>Nullus</strong></span> <span class='ocrx_word' id='word_1_453' title='bbox 1127 4604 1184 4645; x_wconf 87' lang='lat' dir='ltr'><strong>nou</strong></span> <span class='ocrx_word' id='word_1_454' title='bbox 1199 4587 1276 4659; x_wconf 87' lang='lat' dir='ltr'><strong>lapis</strong></span> <span class='ocrx_word' id='word_1_455' title='bbox 1289 4587 1378 4643; x_wconf 90' lang='lat' dir='ltr'><strong>homo</strong></span> <span class='ocrx_word' id='word_1_456' title='bbox 1393 4593 1449 4642; x_wconf 89' lang='grc' dir='ltr'><strong>εει.</strong></span> 
     </span>
     <span class='ocr_line' id='line_1_46' title="bbox 303 4677 1469 4759; baseline -0.01 -15"><span class='ocrx_word' id='word_1_457' title='bbox 303 4687 429 4755; x_wconf 90' lang='lat' dir='ltr'><strong>Quidam</strong></span> <span class='ocrx_word' id='word_1_458' title='bbox 445 4687 532 4744; x_wconf 87' lang='lat' dir='ltr'><strong>hume</strong></span> <span class='ocrx_word' id='word_1_459' title='bbox 546 4686 623 4759; x_wconf 90' lang='lat' dir='ltr'><strong>lapis</strong></span> <span class='ocrx_word' id='word_1_460' title='bbox 638 4691 693 4743; x_wconf 90' lang='lat' dir='ltr'><strong>eet.</strong></span> <span class='ocrx_word' id='word_1_461' title='bbox 1005 4683 1129 4748; x_wconf 88' lang='lat' dir='ltr'><strong>Quidam</strong></span> <span class='ocrx_word' id='word_1_462' title='bbox 1146 4696 1203 4736; x_wconf 90' lang='lat' dir='ltr'><strong>uon</strong></span> <span class='ocrx_word' id='word_1_463' title='bbox 1218 4677 1295 4751; x_wconf 88' lang='lat' dir='ltr'><strong>lapis</strong></span> <span class='ocrx_word' id='word_1_464' title='bbox 1310 4677 1397 4734; x_wconf 89' lang='lat' dir='ltr'><strong>home</strong></span> <span class='ocrx_word' id='word_1_465' title='bbox 1414 4681 1469 4734; x_wconf 92' lang='grc' dir='ltr'><strong>εει.</strong></span> 
     </span>
     <span class='ocr_line' id='line_1_47' title="bbox 308 4768 1541 4848; baseline -0.005 -16"><span class='ocrx_word' id='word_1_466' title='bbox 308 4777 431 4842; x_wconf 87' lang='lat' dir='ltr'><strong>Quidam</strong></span> <span class='ocrx_word' id='word_1_467' title='bbox 448 4775 535 4833; x_wconf 90' lang='lat' dir='ltr'><strong>bomo</strong></span> <span class='ocrx_word' id='word_1_468' title='bbox 551 4774 625 4848; x_wconf 89' lang='lat' dir='ltr'><strong>lapis</strong></span> <span class='ocrx_word' id='word_1_469' title='bbox 646 4790 704 4830; x_wconf 88' lang='lat' dir='ltr'><strong>neu</strong></span> <span class='ocrx_word' id='word_1_470' title='bbox 719 4776 773 4829; x_wconf 90' lang='lat' dir='ltr'><strong>est.</strong></span> <span class='ocrx_word' id='word_1_471' title='bbox 1005 4775 1130 4844; x_wconf 87' lang='lat' dir='ltr'><strong>Quidam</strong></span> <span class='ocrx_word' id='word_1_472' title='bbox 1146 4788 1203 4828; x_wconf 87' lang='lat' dir='ltr'><strong>non</strong></span> <span class='ocrx_word' id='word_1_473' title='bbox 1219 4768 1294 4842; x_wconf 85' lang='lat' dir='ltr'><strong>lapis</strong></span> <span class='ocrx_word' id='word_1_474' title='bbox 1309 4768 1396 4825; x_wconf 90' lang='lat' dir='ltr'><strong>bomo</strong></span> <span class='ocrx_word' id='word_1_475' title='bbox 1413 4786 1471 4826; x_wconf 90' lang='lat' dir='ltr'><strong>nou</strong></span> <span class='ocrx_word' id='word_1_476' title='bbox 1487 4773 1541 4826; x_wconf 86' lang='lat' dir='ltr'><strong>eet.</strong></span> 
     </span>
    </p>
   </div>
   <div class='ocr_carea' id='block_1_15' title="bbox 306 4897 1561 5241">
    <p class='ocr_par' dir='ltr' id='par_1_16' title="bbox 306 4897 1561 5241">
     <span class='ocr_line' id='line_1_48' title="bbox 307 4897 1465 4972; baseline -0.009 -8"><span class='ocrx_word' id='word_1_477' title='bbox 307 4901 409 4958; x_wconf 70' lang='lat' dir='ltr'><strong>Omnis</strong></span> <span class='ocrx_word' id='word_1_478' title='bbox 424 4900 512 4958; x_wconf 83' lang='lat' dir='ltr'><strong>homo</strong></span> <span class='ocrx_word' id='word_1_479' title='bbox 523 4901 622 4972; x_wconf 66' lang='lat' dir='ltr'><strong>J&#39;uslut</strong></span> <span class='ocrx_word' id='word_1_480' title='bbox 637 4901 692 4953; x_wconf 72' lang='lat'><strong>0⁸2·</strong></span> <span class='ocrx_word' id='word_1_481' title='bbox 1005 4902 1106 4961; x_wconf 88' lang='lat' dir='ltr'><strong>Omnis</strong></span> <span class='ocrx_word' id='word_1_482' title='bbox 1122 4916 1179 4957; x_wconf 87' lang='lat' dir='ltr'><strong>uon</strong></span> <span class='ocrx_word' id='word_1_483' title='bbox 1190 4899 1292 4972; x_wconf 87' lang='lat' dir='ltr'><strong>justus</strong></span> <span class='ocrx_word' id='word_1_484' title='bbox 1307 4897 1396 4953; x_wconf 90' lang='lat' dir='ltr'><strong>homo</strong></span> <span class='ocrx_word' id='word_1_485' title='bbox 1410 4901 1465 4954; x_wconf 89' lang='lat' dir='ltr'><strong>est.</strong></span> 
     </span>
     <span class='ocr_line' id='line_1_49' title="bbox 307 4986 1472 5061; baseline -0.009 -10"><span class='ocrx_word' id='word_1_486' title='bbox 307 4989 412 5048; x_wconf 75' lang='lat' dir='ltr'><strong>Nullus</strong></span> <span class='ocrx_word' id='word_1_487' title='bbox 428 4990 515 5046; x_wconf 84' lang='lat' dir='ltr'><strong>homo</strong></span> <span class='ocrx_word' id='word_1_488' title='bbox 528 4991 630 5061; x_wconf 72' lang='lat' dir='ltr'><strong>jufltus</strong></span> <span class='ocrx_word' id='word_1_489' title='bbox 642 4988 698 5041; x_wconf 65' lang='lat'><strong>0⁸²·</strong></span> <span class='ocrx_word' id='word_1_490' title='bbox 1005 4990 1111 5048; x_wconf 90' lang='lat' dir='ltr'><strong>Nullus</strong></span> <span class='ocrx_word' id='word_1_491' title='bbox 1126 5006 1184 5046; x_wconf 90' lang='lat' dir='ltr'><strong>uon</strong></span> <span class='ocrx_word' id='word_1_492' title='bbox 1197 4989 1296 5060; x_wconf 86' lang='lat' dir='ltr'><strong>justus</strong></span> <span class='ocrx_word' id='word_1_493' title='bbox 1312 4986 1400 5043; x_wconf 91' lang='lat' dir='ltr'><strong>hemo</strong></span> <span class='ocrx_word' id='word_1_494' title='bbox 1416 4991 1472 5042; x_wconf 91' lang='grc' dir='ltr'><strong>εει.</strong></span> 
     </span>
     <span class='ocr_line' id='line_1_50' title="bbox 306 5075 1484 5151; baseline -0.005 -15"><span class='ocrx_word' id='word_1_495' title='bbox 306 5081 428 5148; x_wconf 88' lang='lat' dir='ltr'><strong>Quidam</strong></span> <span class='ocrx_word' id='word_1_496' title='bbox 444 5079 532 5135; x_wconf 84' lang='lat' dir='ltr'><strong>bomo</strong></span> <span class='ocrx_word' id='word_1_497' title='bbox 543 5078 646 5151; x_wconf 79' lang='lat' dir='ltr'><strong>justus</strong></span> <span class='ocrx_word' id='word_1_498' title='bbox 657 5077 712 5129; x_wconf 87' lang='grc' dir='ltr'><strong>εει.</strong></span> <span class='ocrx_word' id='word_1_499' title='bbox 1005 5079 1129 5143; x_wconf 88' lang='lat' dir='ltr'><strong>Quidam</strong></span> <span class='ocrx_word' id='word_1_500' title='bbox 1144 5094 1201 5134; x_wconf 89' lang='lat' dir='ltr'><strong>uon</strong></span> <span class='ocrx_word' id='word_1_501' title='bbox 1211 5077 1312 5149; x_wconf 83' lang='lat' dir='ltr'><strong>justus</strong></span> <span class='ocrx_word' id='word_1_502' title='bbox 1328 5075 1415 5132; x_wconf 85' lang='lat' dir='ltr'><strong>bomo</strong></span> <span class='ocrx_word' id='word_1_503' title='bbox 1429 5080 1484 5131; x_wconf 88' lang='grc' dir='ltr'><strong>εει.</strong></span> 
     </span>
     <span class='ocr_line' id='line_1_51' title="bbox 306 5165 1561 5241; baseline -0.006 -13"><span class='ocrx_word' id='word_1_504' title='bbox 306 5173 431 5239; x_wconf 87' lang='lat' dir='ltr'><strong>Quidam</strong></span> <span class='ocrx_word' id='word_1_505' title='bbox 448 5171 534 5226; x_wconf 87' lang='lat' dir='ltr'><strong>homo</strong></span> <span class='ocrx_word' id='word_1_506' title='bbox 545 5169 647 5241; x_wconf 81' lang='lat' dir='ltr'><strong>justus</strong></span> <span class='ocrx_word' id='word_1_507' title='bbox 662 5180 720 5222; x_wconf 90' lang='lat' dir='ltr'><strong>nou</strong></span> <span class='ocrx_word' id='word_1_508' title='bbox 735 5168 791 5221; x_wconf 88' lang='grc' dir='ltr'><strong>εει.</strong></span> <span class='ocrx_word' id='word_1_509' title='bbox 1006 5168 1128 5236; x_wconf 88' lang='lat' dir='ltr'><strong>Quidam</strong></span> <span class='ocrx_word' id='word_1_510' title='bbox 1145 5183 1203 5223; x_wconf 89' lang='lat' dir='ltr'><strong>nou</strong></span> <span class='ocrx_word' id='word_1_511' title='bbox 1214 5167 1316 5239; x_wconf 85' lang='lat' dir='ltr'><strong>justus</strong></span> <span class='ocrx_word' id='word_1_512' title='bbox 1330 5165 1418 5221; x_wconf 89' lang='lat' dir='ltr'><strong>humo</strong></span> <span class='ocrx_word' id='word_1_513' title='bbox 1433 5182 1489 5221; x_wconf 87' lang='lat' dir='ltr'><strong>non</strong></span> <span class='ocrx_word' id='word_1_514' title='bbox 1506 5171 1561 5221; x_wconf 89' lang='grc' dir='ltr'><strong>εει.</strong></span> 
     </span>
    </p>
   </div>
   <div class='ocr_carea' id='block_1_16' title="bbox 302 5290 1685 5633">
    <p class='ocr_par' dir='ltr' id='par_1_17' title="bbox 302 5290 1587 5545">
     <span class='ocr_line' id='line_1_52' title="bbox 302 5290 1582 5367; baseline -0.005 -12"><span class='ocrx_word' id='word_1_515' title='bbox 302 5297 406 5355; x_wconf 86' lang='lat' dir='ltr'><strong>Omnis</strong></span> <span class='ocrx_word' id='word_1_516' title='bbox 421 5295 509 5352; x_wconf 89' lang='lat' dir='ltr'><strong>hamb</strong></span> <span class='ocrx_word' id='word_1_517' title='bbox 524 5290 737 5366; x_wconf 85' lang='lat' dir='ltr'><strong>grammetieus</strong></span> <span class='ocrx_word' id='word_1_518' title='bbox 751 5293 809 5348; x_wconf 85' lang='grc' dir='ltr'><strong>εει.</strong></span> <span class='ocrx_word' id='word_1_519' title='bbox 1005 5295 1107 5352; x_wconf 87' lang='lat' dir='ltr'><strong>Omnis</strong></span> <span class='ocrx_word' id='word_1_520' title='bbox 1123 5311 1181 5351; x_wconf 86' lang='lat' dir='ltr'><strong>uon</strong></span> <span class='ocrx_word' id='word_1_521' title='bbox 1198 5292 1409 5367; x_wconf 86' lang='lat' dir='ltr'><strong>grammatibus</strong></span> <span class='ocrx_word' id='word_1_522' title='bbox 1423 5293 1511 5349; x_wconf 87' lang='lat' dir='ltr'><strong>homo</strong></span> <span class='ocrx_word' id='word_1_523' title='bbox 1526 5298 1582 5350; x_wconf 90' lang='grc' dir='ltr'><strong>εει.</strong></span> 
     </span>
     <span class='ocr_line' id='line_1_53' title="bbox 305 5380 1587 5457; baseline -0.004 -13"><span class='ocrx_word' id='word_1_524' title='bbox 305 5387 411 5444; x_wconf 83' lang='lat' dir='ltr'><strong>Nullus</strong></span> <span class='ocrx_word' id='word_1_525' title='bbox 424 5384 512 5440; x_wconf 88' lang='lat' dir='ltr'><strong>humb</strong></span> <span class='ocrx_word' id='word_1_526' title='bbox 527 5380 740 5455; x_wconf 75' lang='lat' dir='ltr'><strong>grammatibus</strong></span> <span class='ocrx_word' id='word_1_527' title='bbox 754 5386 809 5438; x_wconf 88' lang='lat' dir='ltr'><strong>est.</strong></span> <span class='ocrx_word' id='word_1_528' title='bbox 1006 5383 1111 5443; x_wconf 90' lang='lat' dir='ltr'><strong>Nullus</strong></span> <span class='ocrx_word' id='word_1_529' title='bbox 1127 5401 1184 5441; x_wconf 88' lang='lat' dir='ltr'><strong>uon</strong></span> <span class='ocrx_word' id='word_1_530' title='bbox 1200 5381 1412 5457; x_wconf 85' lang='lat' dir='ltr'><strong>grammaticus</strong></span> <span class='ocrx_word' id='word_1_531' title='bbox 1428 5381 1516 5439; x_wconf 86' lang='lat' dir='ltr'><strong>humo</strong></span> <span class='ocrx_word' id='word_1_532' title='bbox 1532 5389 1587 5439; x_wconf 90' lang='grc' dir='ltr'><strong>εει.</strong></span> 
     </span>
     <span class='ocr_line' id='line_1_54' title="bbox 308 5469 1500 5545; baseline -0.004 -14"><span class='ocrx_word' id='word_1_533' title='bbox 308 5475 432 5540; x_wconf 89' lang='lat' dir='ltr'><strong>Quidam</strong></span> <span class='ocrx_word' id='word_1_534' title='bbox 447 5472 534 5528; x_wconf 87' lang='lat' dir='ltr'><strong>homa</strong></span> <span class='ocrx_word' id='word_1_535' title='bbox 548 5469 760 5543; x_wconf 77' lang='lat' dir='ltr'><strong>grammatibus</strong></span> <span class='ocrx_word' id='word_1_536' title='bbox 774 5474 829 5529; x_wconf 87' lang='grc' dir='ltr'><strong>εει.</strong></span> <span class='ocrx_word' id='word_1_537' title='bbox 1005 5474 1128 5540; x_wconf 81' lang='lat' dir='ltr'><strong>Quidam</strong></span> <span class='ocrx_word' id='word_1_538' title='bbox 1146 5489 1204 5529; x_wconf 89' lang='lat' dir='ltr'><strong>nou</strong></span> <span class='ocrx_word' id='word_1_539' title='bbox 1219 5472 1432 5545; x_wconf 71' lang='lat' dir='ltr'><strong>grammaticus</strong></span> <span class='ocrx_word' id='word_1_540' title='bbox 1446 5477 1500 5528; x_wconf 90' lang='lat' dir='ltr'><strong>eat.</strong></span> 
     </span>
    </p>

    <p class='ocr_par' dir='ltr' id='par_1_18' title="bbox 309 5558 1685 5633">
     <span class='ocr_line' id='line_1_55' title="bbox 309 5558 1685 5633; baseline -0.001 -14"><span class='ocrx_word' id='word_1_541' title='bbox 309 5562 432 5631; x_wconf 85' lang='lat' dir='ltr'><strong>Quidam</strong></span> <span class='ocrx_word' id='word_1_542' title='bbox 448 5561 537 5617; x_wconf 88' lang='lat' dir='ltr'><strong>home</strong></span> <span class='ocrx_word' id='word_1_543' title='bbox 551 5558 765 5631; x_wconf 82' lang='lat' dir='ltr'><strong>grammatibus</strong></span> <span class='ocrx_word' id='word_1_544' title='bbox 779 5576 838 5618; x_wconf 89' lang='lat' dir='ltr'><strong>beu</strong></span> <span class='ocrx_word' id='word_1_545' title='bbox 852 5563 907 5618; x_wconf 79' lang='lat' dir='ltr'><strong>est.</strong></span> <span class='ocrx_word' id='word_1_546' title='bbox 1006 5563 1130 5633; x_wconf 83' lang='lat' dir='ltr'><strong>Quidam</strong></span> <span class='ocrx_word' id='word_1_547' title='bbox 1147 5578 1206 5618; x_wconf 88' lang='lat' dir='ltr'><strong>uon</strong></span> <span class='ocrx_word' id='word_1_548' title='bbox 1221 5559 1434 5633; x_wconf 75' lang='lat' dir='ltr'><strong>grammatibus</strong></span> <span class='ocrx_word' id='word_1_549' title='bbox 1449 5560 1536 5618; x_wconf 86' lang='lat' dir='ltr'><strong>bomo</strong></span> <span class='ocrx_word' id='word_1_550' title='bbox 1553 5577 1612 5620; x_wconf 89' lang='lat' dir='ltr'><strong>nou</strong></span> <span class='ocrx_word' id='word_1_551' title='bbox 1627 5566 1685 5621; x_wconf 84' lang='grc' dir='ltr'><strong>εει.</strong></span> 
     </span>
    </p>
   </div>
   <div class='ocr_carea' id='block_1_17' title="bbox 0 0 1977 6116">
    <p class='ocr_par' dir='ltr' id='par_1_19' title="bbox 0 0 1977 6116">
     <span class='ocr_line' id='line_1_56' title="bbox 0 0 1977 6116; baseline 0 0"><span class='ocrx_word' id='word_1_552' title='bbox 0 0 1977 6116; x_wconf 95' lang='lat' dir='ltr'><strong> </strong></span> 
     </span>
    </p>
   </div>
  </div>
 </body>
</html>
