3892 6126
107 180 174 238 liii
418 178 456 240 IN
474 182 607 241 LIBRUM
626 174 672 240 bd
691 178 831 240 DUABUS
851 171 1002 239 astutis
1021 176 1066 236 ΕΤ
1084 176 1157 236 UNA
1175 168 1339 237 PERSONA
1357 173 1497 235 CHRISTI
1746 172 1813 233 liii

109 310 271 374 partiuntur,
288 317 352 364 sunt
365 312 411 364 illa
426 327 485 378 quta
502 314 539 367 ita
567 317 601 367 de
621 331 675 368 uno
698 314 833 371 dicuntur.
858 311 931 378 quod
947 313 974 380 Α
989 312 1041 361 boc
1058 309 1229 368 intelligitur,
1243 308 1316 373 qaod
1332 308 1406 360 nulla
1420 321 1540 375 persona
1560 320 1627 372 pars
1649 308 1814 371 potestesse

110 384 143 434 da
160 384 455 437 allianumerosbillo
477 401 531 438 uuo
553 390 663 439 minima
691 389 933 454 praedirauturzat
989 394 1120 446 personia.
1137 381 1229 431 Omnis
1258 380 1330 430 enlm
1354 393 1471 444 persona
1493 378 1564 430 adeo
1589 382 1815 460 estpertaeana,

110 454 215 516 Cicero,
231 457 316 515 Plato,
332 463 360 508 ει
382 458 451 520 lapis
475 458 520 509 bic
544 460 615 510 unda
640 462 697 512 baeu
720 459 831 511 Achillis
845 463 936 509 statua
986 453 1058 518 quod
1076 451 1217 516 cujuslibet
1230 451 1311 514 plena
1325 456 1353 501 at
1375 465 1408 501 ax
1427 451 1563 531 omnibus,
1578 462 1644 515 quas
1667 448 1706 498 tllt
1722 459 1817 525 conse·

112 524 183 577 iacta
198 531 249 588 ast,
263 534 291 577 et
304 529 404 591 lignum
420 529 471 579 boc
487 529 557 580 uude
587 531 644 582 boec
673 545 763 581 mensa
786 530 935 593 composita
988 527 1067 576 niunt
1081 524 1194 574 collecta
1211 524 1370 587 proprietas.
1396 537 1456 574 cum
1486 526 1599 573 alicnus
1627 532 1754 601 personae
1780 534 1817 567 sr-

112 602 161 648 est.
176 598 290 648 Attouda
312 600 387 662 quod
413 601 571 664 quibusdam
600 602 806 668 particularibus
834 620 849 652 a
877 616 935 666 pro·
986 594 1087 645 militer
1104 595 1232 659 {titubet
1257 609 1289 644 0¹
1314 595 1440 675 Offlqibffl
1462 594 1577 644 0⁰l¹⁸0¹¹
1601 590 1815 669 ιιῐθιιῐῑθίῑῑθᾱῤ

113 669 499 734 ρῐιεεεειιεειεεεερωρειε
527 675 637 723 nomina
668 675 755 738 potita
776 678 849 729 sunt,
874 690 935 739 (μω
987 666 1273 717 uuovareiudividuo
1291 666 1502 729 praedicurinon
1519 669 1619 729 puteat.
1646 663 1680 714 Ut
1701 662 1817 712 Platonis

111 739 558 804 omniavultiutalligi,camait:
589 749 618 795 ut
644 745 744 802 Cicero,
769 743 935 804 Platooui-
987 746 1013 792 ει
1028 740 1163 791 Ciceronis
1181 741 1334 805 personales
1360 740 1550 803 proprietates,
1571 738 1607 789 de
1641 749 1697 787 uao
1720 737 1818 815 indivi-

110 809 223 859 busdam
240 825 304 862 vero
328 826 384 862 nou
412 818 476 863 aunt
499 813 595 877 posita,
624 815 671 865 aad
699 830 747 878 per
771 817 936 867 demonstra·
988 810 1595 875 duodieinonpoasuut.'1¹otaveroanintsa
1616 807 1818 869 Platoarspro-

110 882 194 931 tivum
211 896 370 947 pronomen,
385 888 412 933 ει
432 898 531 935 nomen
560 886 751 950 appellativum
780 887 934 953 intelliguu-
986 882 1097 946 prietes,
1113 882 1141 933 id
1159 886 1200 933 εει
1214 881 1345 946 quidquid
1363 882 1396 931 da
1411 880 1472 944 ipsa
1487 878 1817 959 naturaliteralllrmatur,

110 956 165 1009 tur,
180 968 240 1004 curn
270 956 369 1006 dicitur
397 955 441 1006 lsic
468 957 546 1020 lapis,
571 957 623 1007 boc
647 957 761 1024 lignum,
787 964 814 1010 at
839 960 936 1025 hujus.
988 953 1020 1004 de
1047 955 1106 1017 ipso
1134 953 1246 1004 Platona
1275 952 1449 1017 predicatur.
1480 950 1652 1001 Naturaliter
1696 950 1818 1011 dietmar,

111 1025 194 1074 modi.
987 1025 1115 1089 quoniam
1129 1025 1202 1090 quod
1218 1038 1273 1076 non
1290 1025 1450 1075 naturaliter
1464 1023 1497 1072 de
1521 1025 1613 1072 aalma
1636 1021 1751 1077 dicitnr,
1766 1033 1817 1071 noa

142 1094 195 1144 Sed
222 1095 249 1146 in
266 1096 393 1161 bigote]
418 1100 518 1159 Quasi:
546 1099 760 1151 Substantiaram
792 1102 851 1153 alita
872 1107 937 1153 aaut
988 1100 1155 1147 ὓθῡθθθθθιῒ
1185 1097 1218 1147 de
1244 1096 1357 1146 P¹⁸l⁰¹¹⁰
1388 1092 1591 1159 imiimi-Ui
1620 1094 1715 1155 ¹⁰31ss
1742 1090 1816 1147 ”²5⁰-

111 1168 286 1228 universales,
313 1170 372 1219 alita
402 1171 586 1234 particulares.
610 1171 660 1223 Sed
686 1174 714 1221 in
742 1172 785 1223 bis
809 1174 937 1224 omuibus
987 1160 1816 1245 (iutiPltiOnit&vimdlttistjlissoctiurtdt1118001’1810'1‘

110 1239 310 1290 universalibus
325 1242 426 1292 scilicet
441 1246 468 1292 et
484 1243 698 1305 particularibus,
714 1245 818 1308 supple,
835 1245 856 1295 si
874 1246 936 1311 quis
987 1238 1099 1288 minimo
1115 1239 1222 1289 dicitur·
1239 1238 1358 1288 Dicimus
1372 1241 1453 1287 elium
1469 1235 1630 1294 tfflfmtlui·
1655 1247 1725 1299 ΨΜ
1749 1232 1816 1313 ([11θᾶ

109 1317 213 1372 qumi
247 1311 347 1376 quibus
387 1327 484 1363 nomen
522 1329 644 1377 ρρηυῃω
681 1316 832 1366 conveniat,
872 1318 936 1368 Dico
988 1311 1398 1375 abanimaPlatonisnegatur,
1423 1321 1476 1358 non
1500 1320 1615 1359 neeesse
1640 1311 1686 1357 εει
1710 1305 1816 1387 abipso

110 1382 183 1444 quod
201 1396 335 1447 nusquam
350 1383 378 1432 in
396 1384 604 1444 universalibus,
620 1385 670 1435 ltoc
686 1391 726 1436 ast
740 1385 768 1435 iu
783 1388 858 1438 nullo
876 1389 935 1438 unl-
988 1381 1091 1443 ssewi-
1107 1381 1143 1433 Ui
1157 1382 1178 1431 ⁸1
1194 1382 1299 1432 dimitis
1312 1381 1403 1430 ⁸⁰5⁰st
1418 1394 1475 1430 ΕΜ
1499 1378 1673 1442 5⁰²⁰fi²⁰f⁰⁸s
1694 1389 1751 1441 (1¹¹⁰
1772 1390 1818 1439 iifl·

110 1453 255 1503 sersalium
283 1469 399 1519 persona
421 1454 473 1505 dici
498 1460 597 1518 potest,
624 1457 670 1506 sed
700 1456 729 1506 in
753 1456 936 1522 singularibus
987 1452 1372 1517 ιιῑῡῐὶῡΰοωίὓθῦῡῐβθῐΰω
1398 1452 1583 1512 ωὓθῑΰῑθῑιῑῑῑι
1609 1463 1675 1514 41⁰⁰
1697 1455 1747 1531 ‚²⁸²
1767 1461 1818 1498 ⁰⁰³·

109 1527 234 1585 tantum;
250 1530 331 1589 atqua
347 1528 373 1576 in
390 1526 498 1576 hiauon
524 1527 576 1577 nisi
600 1533 659 1578 astu
675 1532 702 1579 et
723 1533 819 1579 natura
836 1528 935 1580 indivi·
987 1524 1125 1587 lwttliita
1142 1528 1297 1576 removetur
1309 1524 1342 1574 fib
1360 1537 1402 1582 0⁸.
1423 1536 1477 1573 ⁰0¹1
1504 1521 1566 1573 ΜΝ
1589 1520 1670 1571 ΡΙΙῑΟ
1697 1532 1818 1602 ¹P00f90·

115 1593 184 1645 duis.
196 1595 344 1658 Diligenter
358 1597 465 1648 attende
481 1598 563 1661 quod,
585 1612 645 1649 cum
672 1599 769 1649 dixerit
789 1614 934 1663 personam
988 1612 1051 1649 raus
1065 1612 1124 1649 assa
1139 1599 1246 1649 dicitur.
1260 1598 1293 1649 Et
1315 1598 1354 1648 sic
1376 1596 1486 1662 quidem
1510 1596 1633 1646 bumana
1666 1606 1763 1644 ausma
1781 1606 1819 1643 se-

112 1665 139 1713 in
163 1666 344 1727 singularibus
372 1667 434 1724 dici,
459 1668 557 1731 adjecit
589 1674 671 1734 atque
708 1670 862 1729 individuis,
893 1670 1107 1741 iu·Bcundum
1123 1672 1279 1734 praedictam
1295 1668 1483 1720 diffinitionem
1499 1667 1609 1717 videtur
1621 1679 1687 1716 assa
1698 1677 1817 1729 persona.

112 1748 200 1785 nuens
215 1736 306 1801 utique
320 1751 375 1788 non
393 1752 501 1788 omnem
516 1739 650 1799 singulare
671 1737 842 1791 individuum
865 1755 933 1793 asae.
989 1742 1023 1792 Ut
1049 1755 1113 1804 ergo
1140 1756 1243 1805 pugnas
1272 1741 1415 1791 verboram
1458 1752 1588 1790 masuam
1627 1736 1819 1787 convenientia

111 1804 187 1856 Sicut
207 1809 278 1857 anim
301 1809 390 1858 omnis
415 1809 522 1872 quidem
550 1825 666 1874 persona
694 1811 862 1864 individuum
885 1818 934 1870 est,
989 1812 1106 1872 dirimat,
1125 1812 1268 1863 dicendum
1302 1815 1344 1862 est
1370 1810 1444 1875 qaod
1474 1810 1542 1859 sicut
1568 1807 1750 1859 individuam
1767 1819 1816 1857 noa

112 1891 168 1927 nou
182 1892 247 1929 vero
264 1893 344 1931 omne
360 1881 530 1931 individuum
545 1886 585 1932 est
610 1896 741 1946 persona:
768 1885 804 1934 ita
829 1899 935 1948 quoque

113 1961 193 1998 omne
218 1949 385 2001 individuum
409 1956 451 2003 aet
477 1952 625 2018 singulare,
652 1967 707 2004 non
737 1960 826 2007 autent
855 1971 935 2008 omae

113 2022 249 2087 singulare
259 2029 301 2074 ast
316 2025 496 2076 individuum.
511 2026 650 2091 Quidquid
679 2027 751 2079 enim
773 2034 822 2088 ast,
847 2030 937 2095 singu·

114 2092 170 2143 lara
183 2097 224 2144 est
236 2110 243 2155 ς
255 2094 301 2144 sed
316 2108 370 2145 aon
394 2095 525 2160 quidquid
552 2103 600 2154 est,
625 2097 795 2149 individuum
812 2104 859 2150 est.
875 2100 937 2151 Sin·

115 2165 246 2225 guterium
262 2180 378 2231 namque
402 2169 455 2218 alia
481 2168 539 2219 aliis
559 2174 622 2220 sunt
644 2175 700 2221 tota
715 2172 876 2234 proprietate
888 2187 937 2222 sua

113 2241 185 2288 tator
197 2252 225 2287 sa
240 2237 347 2295 similia,
363 2253 423 2303 qaae
437 2241 515 2290 simul
529 2242 620 2291 omnia
634 2241 832 2293 conformitatis
856 2245 937 2310 lrujtra

117 2309 222 2359 ratione
238 2308 367 2360 dicuntur
382 2326 465 2361 unum
480 2310 631 2374 dividuum,
647 2318 677 2365 ut
695 2318 863 2366 diversorum
882 2332 938 2367 cor·

116 2391 212 2442 porum
236 2382 349 2432 diversas
373 2381 517 2445 qualitates
541 2388 596 2434 tota
620 2398 669 2436 saa
692 2384 780 2448 specis
800 2388 936 2451 aqualem

114 2450 244 2502 aliavaro
264 2454 298 2503 ab
326 2454 386 2504 aliia
418 2455 544 2506 omnibus
571 2455 661 2520 aliqua
689 2472 745 2507 suas
767 2461 937 2522 proprietatis

115 2530 191 2585 parte
206 2523 356 2584 dissimilia,
372 2538 432 2589 quat
449 2526 505 2576 sola
515 2527 542 2576 ει
557 2529 648 2577 omnia
663 2531 728 2578 sunt
754 2529 837 2593 hujus
861 2530 937 2580 dissi-

114 2592 273 2645 militudinis
297 2598 401 2648 ratione
428 2596 577 2659 individua,
607 2610 636 2650 ut
663 2599 707 2650 bic
731 2601 808 2664 lapis,
830 2602 881 2651 boc
905 2603 937 2652 li-

115 2678 209 2729 gnum,
223 2665 266 2716 bic
281 2681 375 2732 aquus,
391 2667 434 2719 bic
459 2668 548 2720 bomo.
569 2671 688 2729 Quorum
710 2672 851 2736 aliquibus,
867 2672 938 2724 sicut

26 2750 29 2755 ·
116 2736 277 2801 dictumest,
295 2754 415 2804 personas
433 2743 560 2793 convenit
574 2757 691 2806 nomen;
708 2747 772 2796 ualli
796 2760 860 2798 vero
877 2745 939 2798 uui·

114 2808 267 2861 sersalium.

148 2882 286 2932 Generalis
299 2884 367 2934 enlm
381 2885 514 2944 animalia,
530 2887 573 2936 cel
587 2887 718 2953 generalia
731 2887 852 2949 bominis,
864 2891 937 2942 nulio

115 2966 224 3016 persono
238 2957 295 3015 eet;
308 2954 355 3005 aed
368 2956 411 3005 cei
423 2956 563 3018 Ciceronis,
592 2958 635 3009 oei
656 2958 781 3018 Platonis,
805 2962 867 3027 etc]
895 2966 937 3013 Αι-

116 3025 413 3078 teudeindivitluorum
444 3043 505 3093 quta
531 3032 608 3093 ponit
635 3031 763 3094 exempla.
783 3032 842 3082 Non
864 3035 935 3084 enim

116 3095 161 3153 ait,
177 3095 223 3145 aad
241 3096 282 3146 vel
297 3097 378 3160 hujus
393 3098 500 3163 lapidis,
515 3103 558 3152 val
575 3100 656 3165 hujus
672 3102 745 3166 ligni,
769 3118 830 3154 cunr
847 3110 936 3155 tamon

116 3183 199 3231 supra
212 3171 425 3235 particularium,
439 3188 499 3238 quoe
525 3173 666 3225 individua
687 3176 795 3227 solebat
816 3177 937 3242 intelligi,

115 3253 219 3303 perteus
234 3243 367 3305 exempla,
383 3244 503 3300 dixisset,
535 3251 564 3295 ut
594 3246 636 3295 bic
664 3247 799 3311 lapis‚bic
825 3250 937 3310 lignum.

116 3311 277 3373 liuiusutodl
309 3327 426 3378 namque
454 3313 597 3367 individua
623 3330 795 3378 naquaquam
825 3326 940 3385 possunt

116 3395 175 3432 essa
192 3396 333 3445 personos;
349 3392 376 3436 ει
391 3401 474 3450 quare
490 3402 543 3437 non
556 3393 677 3451 possunt,
705 3392 786 3452 paulo
816 3398 876 3457 post
901 3395 939 3443 di·

118 3455 217 3512 cetum
247 3456 293 3505 aad
325 3455 470 3515 Ciceronis.
496 3457 540 3509 val
569 3459 695 3523 Platonis,
714 3463 759 3513 vel
782 3464 939 3528 hujusmodi

118 3525 285 3589 singulorum
313 3528 524 3589 individuorum,
548 3545 669 3595 personna
695 3536 807 3599 singulm
834 3550 940 3587 auncu-

116 3601 225 3659 paritur.

149 3667 284 3728 ouoctrea,
302 3670 365 3737 etc]
381 3672 484 3731 Quibus
499 3675 578 3725 rebus
606 3690 705 3727 nomen
730 3692 852 3743 personas
874 3696 940 3731 cott-

118 3740 218 3798 veuiat,
235 3744 374 3807 bucusque
389 3759 478 3795 rerum
493 3746 611 3809 ipsarum
635 3748 768 3799 divisione
787 3752 938 3815 vestigavit.

118 3808 195 3859 Nunc
210 3810 372 3864 diffinitione
387 3815 515 3874 declarat,
531 3818 559 3867 in
574 3832 628 3882 qua
641 3820 784 3884 diligenter
798 3827 840 3872 est
851 3828 941 3874 atten-

119 3880 493 3947 dendum,quitlsecundum
526 3891 670 3951 rationem,
699 3892 762 3955 quid
791 3895 939 3945 secundum

120 3950 343 4018 pbilosophorum
358 3970 436 4006 usunt
452 3957 566 4009 dicatur.
589 3960 707 4011 Breviter
737 3976 801 4026 ergo
824 3979 941 4016 comma·

989 1884 1070 1935 modo
1085 1884 1194 1940 actuali,
1219 1897 1312 1933 sarum
1336 1883 1416 1933 etiam
1448 1880 1567 1931 naturali
1592 1878 1816 1941 similitude,·its

989 1968 1098 2019 quoque
1122 1954 1294 2005 individuum
1320 1968 1375 2004 non
1399 1953 1479 2003 modo
1501 1951 1610 2007 actuali,
1626 1950 1814 2001 verumetiam

991 2025 1108 2075 naturali
1123 2025 1341 2075 dissimilitudine
1366 2023 1472 2073 dicitur.
1495 2021 1633 2085 Quidquid
1664 2021 1740 2072 enim
1762 2034 1815 2069 aaa·

990 2095 1172 2154 lertbabitus,
1197 2096 1267 2146 tollit
1294 2096 1417 2160 privatio.
1444 2094 1500 2144 lloc
1518 2097 1611 2143 satam
1641 2091 1750 2142 clarius
1771 2092 1814 2142 erit

990 2169 1129 2231 exemptis.
1145 2168 1231 2217 Homo
1247 2167 1327 2217 ataui
1356 2181 1371 2217 ε
1394 2163 1577 2229 grammaticis
1592 2163 1765 2228 appellativa
1775 2176 1814 2213 no·

990 2241 1073 2296 mian,
1090 2237 1267 2290 sdislecticis
1281 2252 1344 2288 sero
1359 2238 1470 2288 dividua
1495 2241 1640 2286 vocantur.
1668 2235 1746 2285 Plato
1759 2248 1813 2284 sero

991 2315 1018 2361 ει
1037 2310 1097 2374 eius
1121 2310 1263 2374 singularia
1285 2308 1391 2366 albedo,
1423 2309 1457 2358 ab
1487 2306 1609 2371 ejusdem
1636 2306 1813 2371 grammaticis

991 2380 1147 2445 proprias
1175 2380 1323 2432 dialecticis
1353 2393 1417 2431 sero
1452 2378 1603 2429 individua.
1635 2376 1694 2428 Sed
1725 2377 1810 2428 lteram

991 2452 1071 2502 bomo
1087 2458 1141 2503 tarn
1157 2456 1217 2503 actu
1234 2465 1313 2516 quam
1346 2455 1444 2502 natura
1467 2448 1669 2514 appellativum
1694 2449 1738 2499 vel
1750 2446 1812 2498 diri-

992 2523 1074 2572 duam
1088 2532 1146 2584 εει;
1164 2523 1281 2573 solvero
1310 2527 1407 2573 natura
1430 2525 1545 2580 tantum,
1561 2534 1617 2569 nou
1646 2524 1723 2570 acta.
1748 2519 1814 2569 ituit

991 2607 1108 2656 namque
1123 2609 1177 2645 non
1192 2595 1271 2645 modo
1288 2598 1393 2654 nutura,
1408 2605 1501 2643 varum
1516 2590 1600 2642 etiam
1618 2598 1695 2651 actu,
1717 2596 1744 2641 et
1764 2591 1814 2640 iue-

991 2670 1056 2715 runt
1070 2670 1096 2716 at
1110 2670 1184 2724 aunt,
1199 2670 1227 2716 at
1242 2665 1324 2716 lutari
1346 2669 1419 2726 sunt,
1447 2661 1621 2714 substantiali
1645 2661 1813 2712 similitudine

992 2734 1113 2787 similiter
1128 2737 1260 2788 homines.
1274 2733 1349 2786 stulti
1374 2748 1482 2799 quoqne
1506 2746 1651 2797 uunquam
1679 2739 1750 2791 actu,
1766 2732 1813 2783 sci·

991 2806 1062 2867 licet,
1080 2822 1186 2872 semper
1200 2811 1293 2858 natura
1312 2805 1435 2857 similiter
1449 2805 1529 2855 solas.
1545 2802 1624 2855 Sicut
1641 2804 1719 2856 enim
1741 2805 1812 2855 bomo

993 2892 1047 2929 nou
1063 2885 1148 2931 atota
1164 2880 1244 2930 unius
1258 2878 1386 2941 hominis,
1402 2878 1440 2928 sio
1454 2890 1545 2942 neque
1563 2880 1604 2928 sol
1631 2892 1650 2928 a
1665 2882 1723 2929 tota
1739 2878 1812 2941 bajus

991 2965 1052 3015 qum
1069 2953 1192 3003 videmus
1206 2953 1271 3003 solis
1285 2951 1450 3017 proprietate
1465 2964 1565 3001 nomen
1588 2954 1644 3000 eat.
1671 2951 1724 3002 Sed
1739 2952 1812 3000 bomo

992 3025 1101 3089 quidem
1117 3028 1150 3077 ab
1165 3026 1449 3090 aliquibusbomiuum
1464 3023 1656 3074 subsistentiis
1681 3030 1736 3076 tarn
1759 3030 1813 3075 acta

992 3110 1073 3161 quum
1088 3104 1201 3156 ustura:
1215 3099 1256 3148 sol
1268 3112 1333 3148 varo
1349 3097 1382 3147 ab
1397 3096 1534 3161 aliquibus
1549 3109 1605 3145 non
1618 3100 1695 3154 actu,
1709 3099 1755 3147 aad
1765 3096 1814 3147 sela

992 3170 1175 3220 usturainter
1191 3169 1349 3220 seinvicem
1371 3173 1426 3219 tota
1446 3165 1600 3218 aubatantia
1624 3167 1723 3220 lormta
1748 3166 1814 3218 simi·

992 3239 1064 3290 libus
1079 3241 1190 3292 nomina
1204 3246 1276 3291 suat.
1292 3242 1413 3291 Fuerunt
1427 3237 1499 3290 eninr
1518 3239 1566 3304 qui
1583 3239 1645 3303 jam
1671 3254 1727 3291 non
1750 3244 1814 3295 aunt,

993 3316 1020 3361 at
1035 3318 1113 3363 eruut
1128 3314 1173 3377 qui
1188 3313 1309 3363 nondum
1326 3316 1398 3369 aunt,
1413 3310 1457 3360 vel
1473 3310 1596 3366 luerunt,
1616 3314 1647 3360 ει
1662 3325 1738 3362 εεεε
1758 3316 1815 3361 εεει

992 3388 1046 3434 tam
1062 3389 1123 3435 actu
1138 3400 1217 3447 qaam
1234 3389 1330 3434 natura
1344 3381 1468 3433 homines
1483 3380 1583 3432 induiti
1596 3398 1604 3442 ;
1617 3383 1737 3448 ideoque
1751 3384 1816 3448 ipso·

992 3470 1051 3506 rum
1067 3454 1160 3508 turma
1175 3457 1265 3507 multra
1280 3454 1404 3505 similiter
1424 3459 1529 3511 natura.
1562 3458 1589 3505 et
1615 3461 1691 3511 actu.
1716 3462 1744 3507 ει
1765 3458 1815 3506 ιεε-

993 3532 1067 3585 runt,
1084 3534 1110 3578 at
1125 3533 1213 3588 eruut,
1229 3534 1256 3578 et
1270 3532 1370 3587 sunt,a
1395 3525 1494 3590 quibus
1516 3525 1561 3575 bic
1591 3524 1718 3589 ipsarum
1744 3528 1816 3591 plana

993 3599 1064 3650 inter
1079 3614 1107 3651 se
1122 3601 1318 3662 conformitate,
1333 3613 1397 3650 vere
1412 3597 1554 3649 dividuum
1577 3612 1683 3663 nomeu
1705 3597 1816 3651 ltomiai·

993 3673 1044 3722 bus
1061 3672 1127 3736 ipsis
1141 3673 1258 3723 inditum
1273 3679 1322 3723 ast.
1338 3672 1413 3723 Unus
1429 3684 1492 3722 varo
1507 3675 1568 3720 acta
1599 3673 1678 3723 solos
1705 3678 1748 3724 ast
1770 3671 1814 3728 sol,

994 3749 1092 3809 preater
1105 3759 1185 3809 quem
1210 3745 1302 3795 nullus
1327 3748 1397 3804 actu,
1422 3743 1463 3793 vel
1485 3743 1545 3801 luit,
1562 3746 1608 3793 vet
1632 3749 1685 3803 est,
1698 3745 1743 3795 vel
1763 3744 1815 3795 erit

993 3818 1119 3875 Quamvis
1147 3824 1245 3868 natura
1273 3821 1299 3867 et
1327 3817 1448 3874 luerunt,
1464 3819 1491 3865 at
1519 3819 1593 3874 sunt,
1612 3821 1642 3867 at
1660 3816 1816 3867 lutarisunt

994 3887 1104 3949 induiti,
1133 3890 1247 3952 ideoque
1276 3886 1380 3938 inbuite
1409 3888 1467 3938 aola
1493 3891 1592 3937 natura
1626 3889 1814 3943 subsistantia.

994 3958 1179 4011 intersasola
1205 3964 1301 4010 natura
1332 3959 1492 4016 coeternas,
1511 3972 1528 4007 a
1557 3957 1664 4023 quibua
1694 3958 1740 4011 bie
1760 3972 1814 4009 vera

120 4027 537 4094 morans.quibusauperiorum
558 4031 720 4084 divisionum
751 4035 871 4097 partibas
896 4051 942 4088 no-
994 4032 1136 4084 dividuum
1153 4039 1179 4083 at
1194 4031 1344 4083 universale
1368 4044 1467 4082 nomen
1494 4038 1545 4081 est.
1567 4028 1651 4082 Sicut
1672 4032 1746 4084 euim
1765 4030 1814 4082 sari

120 4102 424 4166 menpersoueadiserit
453 4105 609 4164 convenire,
630 4105 664 4155 ad
693 4104 777 4166 ipsam
806 4107 942 4159 dililnien·
995 4104 1128 4157 individui
1144 4106 1223 4169 plena
1252 4106 1414 4170 proprietate
1443 4102 1516 4153 nulla
1548 4116 1614 4167 para
1647 4117 1736 4169 aeqaa
1761 4110 1814 4153 acta

120 4174 301 4230 damtraasit,
319 4175 416 4224 atalt:
444 4174 574 4235 Quonim
602 4177 625 4227 sl
651 4177 752 4229 scilicet
778 4192 893 4244 persona
913 4182 941 4231 ia
996 4192 1084 4241 nequa
1108 4184 1204 4227 natura
1229 4176 1375 4226 coalosmis
1398 4188 1456 4224 essa
1482 4178 1581 4236 polest,
1606 4172 1648 4224 ita
1673 4175 1814 4225 secandum

119 4245 184 4295 solia
201 4244 369 4305 substantiis,
388 4246 412 4296 id
431 4252 473 4296 ast
496 4249 704 4299 subsistentibus
726 4254 775 4307 eet,
799 4255 827 4299 ut
851 4253 943 4315 utique
997 4250 1081 4313 plenta
1095 4248 1266 4313 proprietatis
1280 4245 1429 4311 quamlibet
1445 4248 1549 4310 partem
1572 4247 1713 4297 naturalis
1731 4246 1814 4296 saltem

119 4331 182 4370 vara
197 4315 367 4377 rationesest,
381 4321 463 4381 atque
485 4317 513 4368 iu
536 4319 587 4373 bia.
612 4333 667 4369 non
687 4321 738 4370 nisi
755 4322 943 4376 rationalibus·
995 4322 1143 4372 similitudo
1167 4327 1215 4372 est.
1239 4319 1317 4370 Unde
1339 4318 1460 4369 Platonis
1482 4331 1514 4367 aa
1543 4320 1680 4369 omnibus
1703 4332 1763 4385 quta
1782 4318 1816 4367 illi

118 4386 499 4443 utmuitorumustrdicitur,
525 4390 678 4440 substantia
699 4405 763 4442 saro
781 4391 939 4443 omuiatam
997 4394 1163 4443 couveuiuut
1187 4392 1301 4443 collecta
1336 4390 1487 4455 proprietas
1527 4390 1597 4439 ualli
1638 4405 1729 4455 nequa
1763 4398 1816 4440 acta

119 4461 363 4525 subsistensquam
381 4460 747 4527 subsistantiaquorumdam
768 4478 818 4515 usu
843 4430 977 4516 naturaD
998 4479 1085 4529 nequa
1100 4470 1196 4515 natura
1222 4462 1368 4514 contermia
1399 4466 1449 4518 est.
1477 4474 1529 4511 nec
1556 4459 1640 4512 Plato
1669 4478 1719 4527 par
1736 4462 1815 4541 illam;

120 4537 169 4591 est,
186 4546 235 4583 nec
251 4532 461 4596 constatallqua
478 4533 638 4584 ratiouevel
657 4550 705 4585 usu
731 4536 758 4585 itt
783 4538 941 4588 universati·
996 4537 1280 4601 albedoveroipataa,
1302 4540 1330 4585 ει
1357 4545 1527 4598 quaecunque
1554 4547 1623 4594 pars
1651 4534 1815 4599 proprietatis

119 4604 179 4666 baa,
195 4605 241 4655 aad
258 4608 363 4655 tantum
379 4608 421 4655 eat
437 4604 464 4655 in
481 4604 639 4670 individuis,
663 4608 810 4671 praemissis
832 4609 941 4659 divisio·
996 4610 1064 4672 ejus,
1080 4614 1127 4659 aut
1142 4615 1248 4669 natura,
1264 4611 1291 4657 at
1307 4611 1378 4664 actu,
1397 4609 1444 4656 aut
1458 4607 1551 4654 saltem
1579 4610 1683 4657 natura
1702 4606 1816 4669 intelligi·

120 4675 202 4727 nibus
217 4683 322 4739 reperta
336 4678 377 4727 est
391 4691 513 4741 personas
528 4676 653 4728 dilllnitio
671 4679 738 4730 brec.
762 4679 882 4731 Persona
902 4684 943 4732 eet
996 4688 1039 4732 tur
1054 4695 1113 4731 assa
1144 4680 1299 4731 conlormia.
1322 4679 1440 4743 Ideoque
1462 4678 1538 4727 nulla
1560 4691 1629 4742 pars
1653 4677 1815 4744 proprietatis

120 4752 224 4797 naturae
252 4745 393 4798 rationalia
422 4748 563 4800 individua
599 4749 759 4801 substantia.
788 4752 941 4802 Secundum
995 4754 1141 4819 cujuslibet
1155 4759 1284 4805 creatores
1311 4753 1468 4803 naturaliter
1489 4754 1532 4802 ast
1549 4750 1814 4820 individuaaqaam·

119 4817 405 4881 bancgdiilluitionem,
421 4820 540 4872 humana
558 4821 649 4873 anima
673 4821 781 4873 ridetur
804 4836 862 4874 assa
881 4837 942 4886 per·
996 4826 1037 4876 via
1053 4827 1158 4876 ratione
1174 4823 1370 4889 singularitatis
1384 4822 1528 4874 individua
1542 4837 1621 4888 aaspe
1643 4831 1764 4876 vocetur.
1776 4824 1815 4874 illa

119 4890 270 4940 ⁸0⁰³·N011
295 4892 377 4952 enlm.
404 4893 473 4943 titul
502 4894 613 4957 quidam
638 4894 774 4951 dixerunt,
789 4899 830 4945 eti
843 4892 942 4943 ἕντελι·
995 4897 1220 4961 verocujuatibet
1240 4896 1401 4960 proprietas.
1424 4907 1485 4958 quaa
1509 4895 1634 4946 naturali
1655 4896 1815 4946 dissimilitu-

118 4977 183 5027 χειε.
207 4961 260 5011 boc
290 4967 330 5012 eat
352 4963 449 5021 torma,
473 4967 520 5015 sed
549 4965 639 5029 potius
663 4966 824 5028 substantia,
849 4966 876 5016 id
902 4970 943 5016 est
994 4967 1057 5017 dine
1073 4969 1106 5017 ab
1120 4968 1248 5017 omnibus
1262 4979 1322 5030 quta
1337 4970 1399 5015 actu
1422 4965 1465 5016 vel
1487 4970 1629 5028 potestate
1651 4964 1814 5028 lueruntrel

120 5034 397 5092 subsisteua,babens
426 5037 452 5086 in
481 5050 510 5087 ae
533 5039 685 5094 lormas,at
707 5037 876 5089 diversorum
894 5053 943 5103 ga·
994 5044 1066 5097 suat,
1087 5040 1127 5090 sel
1151 5039 1242 5089 latura
1271 5042 1343 5095 suut,
1370 5036 1468 5098 dillert,
1491 5049 1548 5088 non
1574 5038 1661 5090 modo
1684 5038 1816 5105 singularis

118 5120 214 5157 uerum
230 5106 388 5169 accidentia,
404 5112 452 5167 eat,
469 5115 495 5159 et
514 5114 618 5160 natura
643 5110 793 5160 rationalia.
816 5109 942 5173 intelligit
994 5114 1042 5162 aut
1059 5110 1240 5176 particularis,
1256 5111 1400 5161 sedetiam
1417 5108 1558 5159 individua
1574 5123 1643 5161 vara
1668 5116 1698 5162 et
1718 5115 1817 5162 voeatm

119 5178 764 5245 animsiquadiscernitetseparataacorpore
786 5186 812 5232 et
835 5183 861 5231 in
883 5195 942 5232 cor·
993 5189 1020 5233 ει
1034 5188 1084 5233 εει.
1095 5182 1163 5233 Nam
1178 5180 1322 5232 individua
1343 5182 1470 5231 dicuntur
1497 5179 1672 5243 hujusmodi,
1703 5183 1818 5247 qnoniam

120 5265 185 5313 pora
200 5253 407 5316 periturusque
423 5253 490 5303 adeo
509 5255 580 5317 quod
610 5252 699 5311 bomo,
718 5255 764 5318 qui
789 5268 821 5304 aa
850 5254 942 5305 anima
994 5256 1208 5319 unumquodque
1225 5267 1319 5304 eoram
1336 5267 1367 5303 ux
1387 5253 1483 5303 talibus
1498 5251 1630 5303 consistit
1654 5250 1819 5319 proprietati·

122 5327 227 5372 conatat
243 5328 405 5388 etcorpore,
421 5323 614 5389 sicutproprio
639 5324 759 5388 corporis
785 5326 872 5390 spatio
887 5326 942 5374 dia·
993 5327 1182 5391 bus,qu0rum
1198 5327 1317 5376 omnium
1333 5324 1496 5385 cogitatione
1512 5323 1587 5375 lacta
1611 5327 1738 5377 collectio
1760 5336 1818 5375 nna·

119 5392 425 5462 tattditur,itaproprla
453 5394 551 5447 auimta
583 5399 703 5460 potentia
729 5397 865 5449 disceruit.
895 5396 943 5447 Est
993 5399 1117 5462 quautin
1134 5398 1188 5447 alio
1212 5397 1334 5462 quolibet
1358 5392 1514 5445 alterutrius
1541 5408 1663 5449 numero
1688 5396 1818 5465 particula·

119 5466 197 5515 etiam
213 5467 360 5531 cujuslibet
374 5469 493 5519 bominis
508 5469 598 5519 anima
620 5471 670 5520 aab
699 5485 798 5533 genere
821 5471 940 5535 spiritua,
993 5470 1062 5519 rium
1087 5469 1202 5519 naturali
1232 5466 1420 5516 conformitate
1448 5465 1542 5516 eadem
1578 5468 1644 5519 erit.
1667 5469 1723 5519 liae
1749 5468 1818 5531 igitvr

118 5541 146 5587 ει
158 5538 257 5589 animm
272 5542 358 5604 specie
374 5556 431 5600 sua.
447 5554 501 5605 qua
516 5541 550 5592 ab
574 5542 700 5592 omuibus
722 5557 782 5605 quie
806 5556 860 5592 nou
878 5546 942 5592 auat
993 5541 1097 5591 ratione
1111 5540 1231 5590 Platonis
1243 5544 1298 5589 tota
1314 5536 1411 5596 turma,
1433 5536 1502 5587 nulli
1527 5550 1625 5603 nequa
1650 5547 1747 5592 natura
1763 5550 1817 5589 eon·

118 5604 163 5657 ilia
178 5611 279 5673 anima,
297 5611 426 5664 dividitur
442 5613 605 5677 proprietate
619 5611 770 5663 individua.
792 5612 835 5662 Sic
858 5611 942 5676 igitur
993 5611 1173 5666 immissore
1204 5613 1246 5661 ast
1273 5609 1422 5660 individua.
1452 5606 1548 5659 Omnia
1577 5622 1649 5663 vero
1672 5625 1737 5677 pars
1754 5611 1815 5674 ejas,

121 5678 296 5745 animaque
327 5681 446 5735 bominis
472 5689 513 5736 εει
542 5698 604 5750 pars
631 5684 813 5743 constitutiva,
836 5684 942 5733 videtur
993 5683 1142 5749 singularia
1168 5681 1280 5747 quidem
1303 5686 1352 5740 cst,
1379 5692 1435 5731 noa
1464 5685 1557 5731 antam
1588 5694 1657 5735 vere
1677 5680 1814 5739 individua.

121 5753 195 5803 recta
207 5765 265 5804 essa
277 5766 402 5818 persona.
420 5754 479 5809 Ηοε
501 5760 592 5812 umen
615 5753 780 5823 impossibile
801 5767 870 5821 asae,
893 5766 942 5818 par
994 5755 1123 5820 qnoniam
1139 5753 1233 5807 multia
1247 5755 1289 5805 εει
1308 5751 1402 5805 rdiam
1426 5752 1526 5803 natura
1547 5752 1714 5807 conlotmis.
1730 5750 1814 5819 itaqas
