3892 6126
153 158 225 217 1309

154 286 243 349 aperit
256 284 350 338 diceus
363 290 557 346 :Manifestum
574 310 639 349 varo
654 305 694 351 εει
719 302 778 353 haec
800 306 853 356 dici
879 309 912 357 ad
936 309 981 358 ali·

159 356 236 421 quad,
251 357 279 408 rd
294 363 335 409 εει
349 364 498 415 secuudum
514 381 546 417 ea
561 384 622 434 que
636 371 678 421 his
704 377 859 428 nominibus
882 380 982 443 predi-

158 432 265 486 cantur,
278 428 305 480 id
320 435 361 480 ast
374 437 522 487 sacrandum
538 453 567 488 ea
583 455 644 505 que
659 443 700 493 his
714 448 869 499 nominibus
883 450 983 513 predi·

156 504 264 558 cantur,
280 500 340 551 illos
354 502 388 553 da
406 507 503 569 quibus
517 510 643 563 dicuntur
659 515 709 565 hoc
733 517 820 581 ipsum
845 523 916 584 quod
940 524 983 573 his

155 570 311 635 predicatis
334 580 398 625 sunt
423 578 536 631 aliorum
561 597 630 645 esse,
654 600 725 636 vere.
755 590 819 640 Nam
849 599 875 641 ει
902 593 983 645 Pater

154 642 281 707 alian‘us,
301 644 328 695 id
345 652 386 697 est
401 650 460 699 Filii
476 658 516 703 εει
540 654 639 715 Pater3
665 664 692 709 at
714 665 874 723 conversim,
897 667 982 718 Filius

153 727 264 780 quoque
298 718 420 783 alicujus,
446 724 471 773 id
498 730 538 774 est
565 728 648 778 Patria
673 736 713 780 εει
736 734 827 785 Filius.
866 738 981 799 Spiritus

151 785 234 838 etiam
250 789 374 854 alicujus,
390 794 415 841 id
432 800 472 844 est
487 797 575 847 Patria
591 806 637 851 aut
651 803 721 861 Filii,
746 804 801 857 imo
828 814 854 859 ει
876 810 934 861 Filii
953 817 981 863 ει

151 856 278 921 Spiritus,
295 862 321 911 id
337 867 378 912 est
392 866 536 917 connexio.

186 930 294 996 (lnofit.
310 935 385 997 alc]
411 936 461 985 Hic
485 946 754 996 commemorandum
779 949 885 1002 videtur
906 957 978 1018 quod

151 1000 246 1052 unitas
261 1003 384 1055 omnium
400 1022 415 1055 a
431 1022 459 1057 aa
474 1008 623 1063 divisorum
639 1015 666 1064 iu
684 1018 805 1080 quolibet
822 1024 977 1077 lucullalum

149 1085 250 1136 pariere
275 1077 542 1139 praedicamentorum
570 1098 659 1135 comes
684 1094 731 1138 eat.
754 1090 821 1142 Nam
847 1095 879 1144 da
908 1111 978 1161 quo-

149 1156 258 1207 cunque
275 1146 376 1211 aliquid
391 1151 566 1217 predicatur,
585 1155 612 1205 ld
637 1161 780 1220 predicato
801 1164 908 1228 quidem
938 1175 978 1220 eat

148 1212 202 1264 buc
221 1217 294 1279 quod
312 1221 422 1270 nomine
437 1222 471 1272 ab
486 1226 579 1277 eodem
596 1229 646 1277 sibi
662 1231 757 1289 indito,
774 1238 800 1285 ει
815 1238 889 1287 varbi
911 1241 977 1290 sub·

147 1288 260 1337 stantivi
289 1291 487 1353 compositione
509 1298 588 1362 qu‘us
616 1300 778 1355 adminiculo
806 1310 975 1373 predicatur,

145 1368 207 1408 εεεε
237 1357 415 1424 significatur,
445 1365 491 1414 aed
527 1370 630 1421 unitate
659 1371 710 1436 ipsi
735 1379 906 1431 coaccidente
936 1389 977 1433 εει

148 1440 256 1479 uuum:
280 1437 310 1482 ut
334 1433 422 1483 album
450 1438 576 1489 albedine
600 1443 708 1506 quidem
734 1448 824 1498 album
853 1457 902 1511 est,
928 1456 974 1505 sed

144 1500 252 1553 unitata
279 1504 453 1558 coaccideute
478 1510 606 1573 albedini,
629 1529 722 1573 unum,
757 1526 784 1570 ει
805 1523 882 1573 simul
904 1527 974 1579 albe·

144 1570 211 1623 dlns
234 1576 341 1640 atejus
365 1579 463 1630 comite
488 1583 588 1635 unitate
608 1594 649 1636 est
671 1589 759 1640 album
783 1606 876 1645 unum.
902 1599 972 1656 Qus·

142 1648 257 1709 propter
283 1661 344 1698 oum
368 1650 452 1701 multa
483 1655 667 1717 predicantur
690 1662 722 1711 da
763 1679 826 1727 uuo,
855 1671 971 1731 quodam

140 1714 225 1765 modo
252 1717 319 1769 illud
348 1734 433 1772 unum
463 1728 504 1775 εει
531 1728 625 1791 multa,
651 1734 780 1796 quoniam
807 1738 909 1791 scilicet
931 1749 972 1794 est

139 1784 245 1837 multis.
270 1790 399 1849 Quamvis
428 1795 500 1845 enim
525 1811 580 1848 nou
607 1802 641 1851 sit
662 1817 792 1857 nanterus
815 1810 873 1872 ejus
897 1816 970 1877 quod

139 1862 234 1913 multia
257 1866 307 1921 εει,
333 1870 374 1914 εει
400 1876 490 1917 mmeu
516 1884 655 1936 numerus,
677 1879 704 1925 et
734 1892 826 1930 eorum
854 1896 969 1940 quorum

137 1945 306 1997 unoquoque
331 1940 381 1997 est,
408 1942 434 1987 et
460 1941 587 1991 unitatem
614 1945 664 1994 iilis
690 1950 878 2007 accidentium.
906 1968 970 2018 qua·

136 2016 200 2053 rum
218 2018 388 2069 unaqueque
405 2020 489 2057 unum
506 2018 556 2061 eat.
580 2011 646 2063 Cum
671 2031 736 2067 raro
762 2034 845 2070 aruum
870 2027 968 2086 predi·

136 2079 217 2125 catur
231 2074 265 2125 de
279 2076 382 2134 multis,
400 2082 562 2133 multarunt
578 2099 662 2137 nuum
680 2104 687 2138 :
704 2093 731 2139 ει
745 2105 805 2142 cum
829 2095 912 2145 multa
934 2099 967 2148 de

135 2147 241 2203 multis,
256 2149 341 2198 multa
366 2156 430 2201 sunt
450 2153 540 2203 mulia.
569 2157 635 2206 Nam
650 2159 728 2221 juxta
753 2177 894 2216 numerum
923 2184 966 2220 eo·

134 2230 272 2284 rumque
288 2220 473 2283 predicantur
488 2239 612 2289 onoram,
629 2235 670 2279 εει
682 2230 763 2282 etiam
790 2248 882 2287 aarum
904 2253 966 2303 que

133 2288 339 2353 illisacclduut,
357 2310 405 2359 par
435 2300 579 2362 quamdam
604 2304 844 2360 conlormatiouem
869 2324 965 2363 unme-

132 2374 183 2413 rus
214 2364 369 2417 unitatum:
397 2370 424 2417 et
452 2374 525 2418 caret
547 2373 637 2422 unitas
660 2387 786 2437 numero,
811 2393 871 2430 cum
893 2382 965 2434 illius

132 2432 218 2485 nnius
242 2434 379 2498 pendiculi
409 2439 452 2487 cni
480 2443 617 2503 conscidit,
641 2445 732 2497 uullna
755 2455 795 2500 eal
823 2465 963 2505 uumerus.

132 2505 268 2565 Quoniam
291 2520 357 2570 ergo
385 2510 542 2572 paternitas,
578 2518 605 2564 et
640 2515 741 2577 filiatio,
765 2526 791 2570 ει
819 2525 963 2580 connexio,

130 2572 327 2636 diversasuut,
344 2584 452 2642 oportet
478 2583 595 2634 unitates
619 2599 727 2649 quoque
756 2604 816 2654 quaa
840 2592 891 2643 illis
919 2597 964 2646 ad·

129 2648 281 2704 suutaaa
304 2646 419 2699 invicem
456 2665 514 2703 csse
541 2654 671 2707 diversas.
693 2659 726 2708 Et
747 2663 810 2723 quia
838 2668 962 2727 quamvis

133 2714 295 2768 substantie
309 2720 505 2781 substantialia,
527 2733 575 2776 aut
597 2727 724 2779 accidens
744 2731 824 2789 adsit,
850 2739 880 2785 ut
902 2750 961 2788 cor-

130 2786 270 2850 poralitati
296 2791 433 2853 animatio,
456 2798 484 2843 et
508 2796 582 2845 color
609 2799 750 2860 accidenti,
779 2808 867 2856 tamen
906 2821 960 2860 uon

130 2861 225 2925 puteat
238 2859 333 2912 udasse
348 2864 508 2925 substantia,
520 2870 638 2919 unitates
662 2886 721 2932 que
745 2875 845 2927 adsunt
871 2886 961 2943 pater·

129 2928 222 2989 nitati,
247 2936 273 2981 et
299 2932 432 2991 liliationi.
458 2941 484 2987 et
507 2942 680 3000 connexioni,
708 2947 806 3009 quihus
832 2955 960 3003 suuttria

129 3012 189 3051 nou
204 3003 285 3054 modo
299 3005 358 3055 hec
372 3007 528 3069 predicata,
544 3025 637 3062 varum
663 3017 743 3066 etiam
767 3018 811 3069 illa
834 3021 867 3071 de
898 3024 960 3088 qui·

129 3070 184 3122 bus
219 3074 278 3137 ipsa
302 3078 491 3139 predicantur,
517 3082 542 3131 id
568 3092 617 3141 est,
644 3087 732 3146 Pater,
756 3094 783 3140 at
810 3091 902 3153 Filius,
932 3102 959 3147 at

128 3141 247 3208 Spiritus
277 3152 397 3208 sanctus,
427 3164 597 3217 nequaquam
637 3163 764 3220 poterunt
800 3176 857 3214 essa
894 3167 959 3217 sub-

128 3216 578 3276 stantie.Undaatauctorrecla
604 3228 683 3279 iniert
710 3232 824 3283 dicens:
854 3236 911 3295 Quo
929 3240 958 3289 fit

129 3290 164 3337 ut
177 3300 229 3338 uec
241 3288 362 3341 Trinitas
379 3293 488 3357 quidem
512 3297 544 3346 de
570 3300 623 3350 lieo
647 3302 860 3357 substantialiter
886 3325 957 3373 prae-

128 3356 246 3411 dicatur.
262 3362 338 3421 Quod
352 3369 379 3415 ει
396 3380 427 3415 ax
445 3382 478 3417 eo
493 3372 666 3424 mauiieslum
681 3379 728 3432 eal,
746 3378 816 3439 quod
843 3394 897 3431 uon
923 3385 956 3435 da

128 3444 294 3497 unoquoque
321 3436 439 3495 illorum,
464 3441 490 3489 id
517 3446 566 3498 εει,
592 3445 677 3504 Patra.
702 3452 729 3497 ει
754 3449 829 3511 Tillo,
855 3459 882 3504 st
897 3456 955 3518 Spi-

128 3502 184 3553 ritu
199 3510 294 3557 saucto
309 3507 417 3559 divisim
432 3510 540 3563 dicitur.
557 3516 633 3566 Pater
655 3521 725 3567 anim
751 3533 806 3571 nou
831 3529 871 3573 εει
898 3528 955 3577 Tri·

127 3574 211 3634 nitas,
228 3578 252 3627 id
272 3584 313 3629 εει
328 3579 406 3630 Pater
423 3596 478 3633 uon
494 3589 535 3634 eat
558 3592 612 3637 tres
636 3588 690 3651 isti,
715 3606 786 3642 vare.
808 3593 853 3645 111ε
880 3600 953 3650 enim

126 3647 176 3709 qui
191 3652 231 3697 ast
245 3648 333 3709 Pater,
349 3652 426 3701 Pater
439 3653 548 3718 qnidam
570 3661 631 3717 εει;
658 3661 704 3710 ssd
729 3676 784 3712 uon
808 3671 849 3716 εει
872 3668 953 3720 Silius

125 3716 288 3782 acSpiritns
312 3727 431 3773 sauctus.
458 3727 522 3786 Quae
547 3728 703 3792 approbatio
724 3735 835 3786 curniuo
859 3751 953 3790 necea-

123 3787 198 3838 saria
216 3794 257 3840 eat
272 3805 280 3841 c
294 3795 431 3855 quomado
447 3798 518 3847 anim
537 3802 654 3850 unitates
668 3803 730 3852 solis
745 3805 786 3854 his
801 3820 862 3870 que
882 3824 951 3872 prae·

122 3857 250 3911 dicautur
274 3863 381 3924 adsunt,
407 3881 457 3917 nec
481 3869 532 3918 uiai
561 3874 709 3923 secundum
746 3880 892 3938 predicata
918 3885 951 3935 de

123 3932 254 3996 subjectis
267 3934 403 4001 aliquibus
428 3940 481 3989 dici
507 3950 628 4005 possunt,
653 3947 817 4010 impassibile
841 3959 882 4004 est
906 3970 951 4007 eas

122 4000 180 4053 iilis
194 4006 293 4068 quibus
310 4008 404 4059 adessa
420 4012 520 4063 debant
534 4014 692 4068 absentibus
719 4022 866 4084 predicari.
891 4026 950 4078 Non

120 4085 188 4139 argo
204 4080 293 4138 potest
306 4091 365 4129 εεεε
381 4094 452 4131 unus
466 4084 559 4143 Filius,
576 4088 622 4150 qui
637 4101 691 4138 uun
718 4096 758 4142 est
782 4094 872 4155 Filius,
901 4112 950 4149 uec

121 4158 197 4197 uuus
210 4146 326 4210 Spiritus
341 4158 461 4214 sauctus,
477 4157 523 4219 qui
548 4170 603 4208 nou
628 4164 669 4210 εει
694 4162 809 4228 Spiritus
832 4175 949 4221 sanctus.

119 4216 277 4271 &cundum
303 4228 427 4275 eumdem
452 4227 562 4279 modum
585 4242 635 4282 nac
656 4233 739 4285 Filius
763 4241 803 4287 εει
824 4239 950 4303 Trinitas,

118 4288 148 4339 lai
174 4291 225 4353 εει
253 4305 310 4344 uou
335 4299 376 4346 εει
404 4301 458 4348 tres
486 4300 537 4359 isti,
565 4305 692 4366 quoniam
719 4308 763 4371 qui
792 4314 834 4359 εει
857 4312 949 4373 Silius,

690 178 853 239 amanum
871 183 1043 243 ronanam
1061 186 1329 257 camarlais.

1791 205 1862 265 lala

996 313 1209 381 Apredicatur,
1225 322 1373 374 secuudum
1397 325 1559 389 singularem
1583 330 1609 379 ει
1633 327 1779 394 simplicem
1806 345 1860 397 qua

1036 386 1142 438 suntid
1157 394 1228 453 quod
1243 401 1314 452 suut,
1333 411 1408 446 suam
1424 399 1561 449 assentiat.

1069 485 1142 545 Quod
1153 490 1187 551 ai,
1203 494 1252 541 etc.
1271 494 1279 557 ]
1297 496 1391 545 Adhuc
1408 495 1479 545 idam
1494 497 1566 554 dicit,
1583 498 1655 562 quod
1671 500 1772 550 scilicet
1799 501 1859 554 hec

1036 567 1096 618 que
1112 560 1197 611 tribus
1212 578 1266 613 riou
1284 572 1348 616 suut
1361 570 1524 629 communia,
1540 569 1567 619 id
1583 574 1631 631 εει,
1648 570 1737 629 Pater,
1764 573 1856 630 Filius,

1036 626 1149 689 Spiritus
1164 640 1282 692 sanctus,
1307 643 1333 687 ει
1357 639 1482 702 Trinitas,
1508 640 1618 691 minima
1646 642 1858 695 substantialiter

1036 701 1216 762 predicantur
1232 723 1240 758 s
1256 724 1316 772 que
1331 726 1395 762 vero
1409 718 1473 762 aunt
1488 712 1653 774 substantie,
1681 716 1858 767 communiter

1035 770 1067 821 de
1093 774 1159 836 ipsis
1183 778 1320 831 dicuutur.
1352 785 1433 844 Quasi
1470 784 1587 835 Trinitas
1623 787 1651 835 in
1678 799 1855 848 personarum

1034 843 1197 905 diversitate,
1214 855 1303 903 unitas
1331 855 1357 903 in
1382 857 1539 907 substautias
1566 857 1735 919 simplicitate
1765 859 1856 908 cousi-

1034 914 1089 964 stit.
1102 916 1177 975 Quod
1194 922 1215 970 si
1230 924 1318 982 Pater,
1334 931 1360 976 ει
1375 926 1465 986 Filius,
1481 932 1507 977 et
1524 928 1641 992 Spiritus
1655 933 1765 978 sauctus
1791 936 1854 981 suut

1032 986 1125 1038 divise
1141 1005 1262 1054 persone
1280 1000 1321 1058 (ut
1335 999 1427 1061 utique
1448 1002 1530 1061 sunt),
1555 998 1764 1062 proprietatibus
1793 1015 1853 1065 que

1032 1058 1065 1108 dc
1081 1074 1135 1110 uno
1149 1064 1201 1113 dici
1216 1080 1270 1117 uon
1284 1075 1396 1132 possunt
1407 1084 1414 1130 ;
1426 1071 1576 1121 substantia
1588 1086 1662 1133 veru,
1675 1072 1701 1121 id
1713 1076 1753 1122 εει
1763 1070 1851 1141 odola,

1032 1144 1084 1193 qua
1098 1136 1200 1184 suntid
1216 1140 1288 1201 quod
1312 1147 1384 1203 suut,
1399 1138 1528 1199 {indivisa
1551 1143 1594 1200 sit,
1619 1158 1728 1195 necasse
1751 1149 1800 1205 est,
1825 1147 1851 1196 id

1031 1202 1192 1255 vocabulum
1205 1209 1276 1271 quod
1292 1212 1363 1273 capit
1376 1211 1508 1275 originem
1539 1228 1570 1262 ax
1598 1216 1728 1278 personis,
1755 1215 1781 1265 id
1812 1220 1854 1268 sat

1031 1274 1102 1334 quod
1119 1291 1151 1325 ex
1167 1282 1299 1341 personali
1316 1287 1487 1348 proprietate,
1503 1288 1546 1338 vel
1561 1301 1626 1348 una,
1642 1291 1672 1337 ut
1695 1287 1783 1347 Pater,
1808 1290 1851 1340 val

1030 1342 1135 1396 duabus
1149 1353 1187 1411 ut,
1203 1354 1359 1415 procedens,
1377 1362 1450 1419 quod
1466 1372 1522 1409 uon
1536 1359 1569 1409 da
1584 1358 1673 1416 Patra,
1690 1360 1736 1409 red
1748 1360 1782 1411 de
1806 1360 1851 1412 Ti·

1029 1411 1074 1475 lio,
1093 1421 1120 1465 ει
1131 1419 1164 1469 da
1178 1420 1280 1484 Spiritu
1296 1430 1389 1476 sancto
1404 1427 1531 1490 dicetur;
1554 1430 1597 1479 vel
1621 1431 1746 1481 emittens
1775 1434 1848 1496 quod

1029 1498 1082 1535 nou
1098 1489 1132 1539 da
1147 1492 1248 1556 Spiritu
1264 1500 1366 1556 sancto,
1381 1499 1427 1549 scd
1442 1500 1475 1550 de
1490 1502 1570 1551 Patre
1585 1505 1611 1551 et
1625 1501 1692 1551 Filio
1715 1503 1849 1566 predica-

1029 1562 1072 1610 tur
1085 1577 1091 1621 ς
1104 1564 1145 1613 εει
1157 1565 1292 1626 omnibus,
1304 1574 1334 1618 ut
1345 1575 1407 1629 tres,
1419 1573 1489 1635 quod
1503 1572 1535 1623 de
1546 1574 1620 1623 nullo
1630 1572 1746 1633 divisim,
1756 1576 1802 1626 sad
1814 1578 1847 1628 da

1028 1636 1153 1685 omnihus
1166 1639 1296 1690 collectim
1312 1644 1478 1705 enuntiatur,
1491 1646 1524 1695 ad
1540 1645 1726 1705 substantiam,
1752 1648 1779 1698 iat
1807 1654 1848 1700 εει

1028 1708 1183 1765 assentiam,
1208 1725 1262 1774 qua
1288 1718 1362 1776 stant,
1384 1729 1438 1765 uon
1463 1721 1608 1779 pertinere,
1632 1718 1659 1768 id
1683 1718 1847 1771 estmiuims

1025 1780 1238 1833 substantialiter
1260 1785 1410 1847 predicari.
1441 1788 1476 1839 At
1498 1789 1666 1850 Trinitatem,
1690 1790 1716 1841 id
1740 1794 1847 1843 astuui·

1024 1854 1092 1900 tatas
1115 1854 1212 1917 quibua
1239 1856 1369 1908 collectim
1394 1860 1523 1912 dicuutur
1548 1876 1605 1912 esse
1632 1867 1694 1923 tres,
1718 1862 1783 1914 iacit
1806 1864 1846 1915 di·

1023 1923 1136 1972 versitas
1159 1925 1204 1976 illa
1229 1927 1423 1991 proprietatum
1452 1947 1483 1981 ex
1510 1933 1609 1998 quibus
1637 1940 1677 1984 eat
1704 1935 1846 1987 diversitas

1023 2007 1083 2057 quae
1098 1995 1196 2046 dicitur
1209 2012 1396 2061 personarum.
1409 2002 1541 2061 Quoniam
1566 2019 1628 2070 arga
1652 2006 1702 2057 iile
1726 2008 1845 2072 propris-

1023 2071 1091 2118 tates
1106 2083 1159 2119 non
1176 2077 1240 2121 sum
1254 2073 1423 2136 substantie,
1436 2078 1508 2140 quod
1532 2093 1563 2128 ax
1588 2093 1621 2128 aa
1645 2079 1762 2131 maxima
1788 2096 1844 2132 cer·

1022 2145 1140 2198 tumeat,
1155 2141 1289 2205 quianon
1316 2144 1488 2209 singulariter
1513 2148 1640 2199 dicuntur
1658 2151 1691 2201 de
1715 2155 1842 2204 omuibus

1020 2210 1126 2261 divisim
1148 2220 1174 2262 at
1197 2213 1329 2265 collectim
1367 2220 1522 2282 suppositis,
1551 2221 1636 2272 multo
1671 2224 1757 2287 magis
1785 2238 1840 2276 nou

1021 2282 1179 2345 pertinetad
1195 2285 1384 2345 substantiam,
1400 2290 1426 2338 id
1444 2296 1485 2341 εει
1509 2305 1563 2341 uon
1588 2297 1629 2343 ast
1657 2296 1841 2346 substantialia

1018 2353 1142 2417 Trinitas,
1159 2355 1283 2406 videlicet
1304 2361 1432 2421 unitates,
1456 2361 1556 2426 quibas
1579 2363 1631 2414 ille
1655 2367 1841 2429 proprietates,

1018 2430 1044 2475 et
1061 2426 1100 2474 illi
1115 2441 1230 2490 quorum
1245 2427 1311 2492 ipse
1327 2437 1399 2489 sunt,
1415 2438 1604 2495 numerantur,
1619 2450 1680 2500 que
1696 2451 1746 2489 uec
1775 2453 1842 2502 pre·

1017 2496 1143 2549 dicautur
1166 2500 1244 2550 simui
1268 2515 1372 2561 omues,
1398 2518 1447 2555 uec
1468 2505 1575 2557 divisim
1600 2509 1632 2558 de
1656 2508 1779 2573 siugulis.
1805 2512 1841 2565 Ut

1016 2569 1089 2620 euim
1105 2572 1168 2621 itam
1182 2574 1301 2637 itemque
1317 2575 1431 2633 dicatur,
1446 2576 1494 2627 iila
1509 2585 1550 2629 εει
1577 2582 1726 2633 certissime
1749 2585 1840 2648 regula

1016 2653 1070 2704 qua
1098 2640 1206 2703 dicitur,
1237 2658 1292 2695 nou
1317 2660 1375 2696 esse
1404 2648 1592 2707 substantiam.
1632 2654 1765 2718 quidquid
1806 2658 1839 2707 da

1016 2712 1102 2779 tribus
1130 2714 1237 2766 divisim
1263 2723 1291 2768 ει
1326 2719 1406 2769 simul
1443 2722 1589 2785 suppositis
1617 2739 1672 2775 uon
1710 2728 1838 2789 predica·

1014 2786 1068 2834 tur.
1093 2786 1168 2845 Quod
1194 2787 1223 2837 lit
1250 2792 1279 2839 ul
1301 2803 1389 2855 usque
1413 2790 1500 2847 Pater.
1528 2808 1615 2859 oeque
1644 2796 1735 2858 Filius,
1751 2812 1837 2861 nequa

1014 2855 1129 2920 Spiritus
1143 2865 1260 2918 sanctus,
1285 2861 1371 2911 idest
1395 2861 1523 2925 quelibet
1545 2864 1657 2917 istarum
1683 2868 1837 2931 propriata·

1015 2931 1071 2977 tum
1086 2943 1101 2979 a
1115 2930 1215 2993 quibus
1229 2932 1287 2982 hec
1301 2938 1365 2983 suut
1379 2934 1464 2983 indita
1476 2939 1595 2995 uomina,
1608 2952 1697 3003 nequa
1708 2941 1835 3000 Trinitas,

1014 3014 1068 3063 qua
1084 3003 1233 3053 secuudum
1249 3018 1294 3054 eas
1308 3005 1395 3063 Pater,
1411 3012 1438 3057 ει
1460 3008 1553 3071 Filius,
1579 3015 1607 3060 ει
1628 3011 1744 3075 Spiritus
1772 3028 1838 3064 sau·

1014 3080 1074 3124 ctus
1097 3081 1161 3127 snut
1184 3082 1248 3139 tres,
1273 3078 1306 3127 da
1331 3080 1393 3137 lieo,
1419 3081 1519 3132 scilicet
1543 3082 1627 3145 Patra,
1652 3089 1678 3134 et
1705 3084 1781 3143 Titio,
1809 3090 1837 3138 ai

1012 3147 1112 3210 Spiritu
1130 3154 1232 3211 sancto,
1248 3151 1462 3203 substantialiter
1476 3155 1639 3217 predicetur
1653 3171 1660 3216 ;
1675 3158 1722 3208 sed
1746 3160 1836 3222 potius

1012 3225 1052 3277 lut
1075 3235 1156 3284 supra
1180 3222 1280 3272 dictum
1304 3226 1354 3284 εει)
1379 3224 1412 3275 ad
1438 3225 1549 3290 aliquid.
1572 3227 1703 3287 Quoniam
1740 3245 1836 3283 revera

1011 3294 1091 3343 Pater
1104 3300 1131 3344 et
1144 3293 1226 3345 Filius
1243 3297 1402 3359 paternitate
1416 3303 1442 3348 at
1466 3300 1595 3351 liliatione
1621 3302 1692 3352 inter
1715 3317 1743 3353 aa
1767 3306 1834 3355 rele-

1011 3369 1117 3426 runtur,
1133 3370 1160 3416 at
1174 3367 1289 3429 Spiritus
1305 3376 1414 3418 sauctus
1428 3370 1460 3419 ad
1477 3371 1584 3422 cosdem
1614 3387 1642 3423 so
1666 3372 1746 3424 habet
1768 3389 1834 3425 con·

1010 3436 1132 3485 uerioua.
1156 3436 1271 3486 Trinitas
1296 3452 1358 3487 varo
1381 3454 1434 3502 qua
1460 3441 1511 3504 ipsi
1535 3442 1663 3493 dicuutur
1684 3448 1747 3504 tras,
1775 3445 1833 3508 ipsa

1009 3506 1117 3569 quidem
1132 3520 1187 3556 non
1202 3513 1243 3558 εει
1256 3508 1350 3559 ralatio
1363 3512 1461 3571 (omnis
1475 3512 1545 3563 euim
1571 3528 1698 3565 numerus
1721 3520 1762 3567 est
1785 3530 1833 3579 per

1008 3582 1056 3639 sa),
1072 3578 1119 3628 sed
1133 3579 1292 3630 relationum
1309 3582 1337 3631 in
1362 3584 1461 3646 quibus
1484 3585 1535 3649 ipsi
1559 3586 1713 3638 referuntur
1740 3602 1832 3640 comas

1008 3655 1056 3700 εει.
1080 3651 1198 3715 ideoque
1222 3652 1341 3716 ipsarum
1367 3655 1504 3705 consortio
1532 3658 1631 3710 dicitur
1661 3661 1694 3709 ad
1726 3660 1830 3726 aliquid

1008 3722 1157 3784 predicari.
1174 3724 1243 3774 Deus
1257 3738 1330 3785 vero,
1344 3726 1372 3776 id
1397 3733 1439 3778 εει
1463 3729 1600 3789 Divinitas,
1623 3745 1684 3794 que
1707 3731 1758 3781 hoc
1781 3746 1830 3783 no·

1007 3795 1079 3844 mina
1095 3795 1261 3858 intelligitur,
1286 3802 1312 3846 at
1337 3799 1444 3858 veritas,
1471 3805 1497 3851 ει
1518 3801 1631 3864 justitia,
1657 3809 1683 3852 et
1711 3803 1828 3865 bouitas,

1007 3869 1034 3915 ει
1047 3866 1254 3929 omnipotentia.
1279 3872 1306 3917 ει
1325 3867 1482 3928 substantia,
1511 3877 1538 3922 ει
1563 3872 1777 3932 immutabilitas,
1802 3880 1829 3925 at

1006 3937 1102 3998 virtus,
1131 3944 1158 3988 ει
1185 3938 1326 4001 sapientia,
1355 3945 1382 3990 ει
1404 3944 1536 4006 quidquid
1566 3944 1721 4009 hujusmodi
1743 3947 1829 3997 idest

1005 4009 1140 4060 diversum
1155 4012 1264 4075 quidem
1277 4014 1396 4071 nomine,
1414 4013 1485 4064 idem
1500 4029 1564 4066 vero
1580 4031 1607 4066 rs
1624 4019 1769 4080 excogitari
1782 4033 1826 4083 po·

1006 4081 1103 4131 testde
1120 4083 1271 4141 Divinitate,
1297 4082 1324 4133 id
1349 4090 1398 4143 εει,
1425 4086 1458 4135 da
1483 4089 1569 4145 Patre,
1594 4093 1621 4139 ει
1644 4089 1676 4138 da
1701 4089 1776 4152 Filia,
1800 4095 1827 4140 ει

1005 4152 1037 4201 do
1053 4152 1152 4215 Spiritu
1167 4158 1261 4203 sancto
1276 4156 1491 4207 substantialiter
1514 4158 1663 4209 dicuutur:
1688 4173 1748 4209 cum
1773 4174 1828 4212 uua

1004 4219 1083 4276 ciuis
1097 4224 1226 4274 dicuutur
1249 4225 1291 4274 vei
1311 4225 1426 4284 divisim,
1458 4228 1501 4277 val
1526 4227 1606 4277 simul
1633 4228 1713 4287 Deus,
1736 4242 1826 4309 verus,

1000 4293 1099 4357 justus,
1126 4295 1223 4354 honus,
1252 4297 1432 4361 omnipotens,
1458 4298 1617 4358 subsistens,
1642 4299 1827 4363 immutabilis,

119 4360 388 4429 Piliusquidemast,
404 4371 451 4422 sed
467 4386 522 4424 nou
555 4381 596 4427 εει
618 4378 705 4441 Pater,
729 4394 779 4431 nee
805 4364 1286 4452 estsptrj.1)i⁰rtia,·saplens,'at
1313 4368 1468 4429 hujusmodi
1496 4370 1554 4451 allis
1578 4371 1611 4420 ab
1638 4371 1730 4421 eadem
1747 4368 1827 4426 εὐσιε

119 4436 166 4485 tus
183 4440 293 4487 sanctus
308 4455 316 4500 ;
332 4454 420 4505 nequa
436 4442 553 4508 Spiritus
568 4452 678 4499 sauctus
702 4457 742 4502 εει
767 4455 894 4517 Trinitas,
921 4461 947 4510 ld
1004 4436 1159 4486 ¹¹⁰m¹¹¹¹b¹¹⁸
1174 4450 1232 4486 ⁰⁸⁵⁰
1248 4440 1277 4487 ¹⁶
1291 4439 1364 4502 (ΨΜ
1379 4442 1452 4497 ‘⁰¹¹²’
1469 4440 1658 4503 P'oedffl‘u‘·

117 4510 161 4557 εει
175 4520 232 4557 nou
244 4514 286 4560 εει
300 4514 354 4561 tras
379 4514 445 4565 isti:
474 4520 604 4582 quoniam
629 4523 675 4585 qui
699 4524 815 4587 Spiritus
838 4537 947 4582 sanctus

118 4579 170 4635 εει,
186 4578 213 4628 id
238 4585 278 4631 εει
301 4585 445 4650 connexio,
470 4589 522 4639 hoc
546 4594 695 4656 proprium,
719 4611 818 4651 nomeu
841 4602 944 4655 habat:

117 4648 173 4701 alla
200 4663 263 4703 vero
294 4654 349 4706 duo
374 4671 429 4708 uon
454 4661 558 4726 recipit,
584 4666 610 4714 id
636 4672 686 4725 est,
708 4683 762 4719 uon
792 4678 833 4723 εει
858 4674 947 4733 Pater,

117 4732 210 4785 araque
223 4721 315 4777 Filius.
331 4728 464 4787 Quoniam
481 4747 546 4784 varo
561 4751 615 4787 uua
632 4740 690 4789 sola
714 4742 843 4795 Divinitas
865 4747 947 4798 trium

117 4796 169 4853 εει,
185 4805 297 4848 necesse
312 4806 354 4850 εει
369 4805 397 4852 ul
412 4804 458 4858 oui
483 4805 530 4855 illa
553 4812 617 4858 aunt
638 4810 718 4875 Deus,
751 4817 862 4874 unitate,
887 4834 947 4883 qum

117 4865 269 4918 secuudum
295 4883 353 4921 sam
378 4878 427 4935 εει,
452 4875 508 4925 siut
533 4892 615 4942 unua,
640 4886 667 4931 ει
690 4886 770 4937 simul
793 4889 946 4951 Divinitaic,

116 4937 281 5005 utiliaque
304 4947 455 4997 secuudum
481 4950 567 5012 ipsam
593 4959 632 5003 est
657 4958 769 5015 unitate,
793 4962 848 5010 siut
877 4978 947 5015 rruua

116 5008 199 5060 Deus.
210 5010 279 5063 Sunt
291 5011 375 5078 igitur
389 5021 418 5067 at
432 5021 510 5072 Pater
533 5027 561 5074 et
585 5025 669 5076 Titius
694 5033 721 5079 et
742 5032 857 5094 Spiritus
883 5050 946 5087 san·

115 5084 186 5139 ctus,
200 5087 227 5133 at
244 5088 298 5134 tres
314 5091 341 5138 at
357 5103 436 5140 uuus.
451 5093 515 5155 Sed,
529 5094 598 5146 sicut
624 5099 724 5151 dictum
749 5108 799 5162 est,
820 5106 943 5171 Trinitas,

112 5154 225 5217 quidam
254 5156 380 5210 consistit
407 5164 435 5213 lu
458 5165 612 5229 pluralitate
644 5184 828 5234 personarum,
853 5177 881 5228 id
905 5186 945 5231 εει

110 5220 250 5276 unitatum
265 5240 395 5280 uumerus
409 5232 442 5284 de
457 5232 510 5286 illis
533 5239 696 5302 predicatrrr
720 5246 867 5297 secuudum
895 5263 944 5300 uu·

109 5306 216 5346 marum
239 5302 445 5364 proprietatum,
474 5322 534 5372 que
558 5316 586 5360 et
609 5327 623 5362 a
653 5314 942 5373 astoricensissine

110 5374 187 5424 suut,
204 5375 231 5420 st
244 5371 283 5421 ita
297 5372 331 5423 de
346 5374 460 5429 diversis
484 5382 676 5446 predicantur,
701 5389 773 5451 quod
803 5404 941 5457 uunquam

109 5436 145 5487 ds
162 5438 255 5503 aliquo
270 5443 442 5506 plenitudiue
456 5454 638 5514 proprietatis,
655 5470 716 5521 que
740 5460 881 5525 colligatur
909 5480 940 5516 er

110 5508 155 5559 iila
173 5518 199 5561 at
215 5526 246 5561 εε
265 5515 323 5565 aliis
340 5520 559 5581 predicamentis
573 5528 709 5589 omuibus,
724 5547 779 5582 uuo
803 5535 939 5589 dicuntur.

109 5580 190 5633 llude
204 5584 321 5647 quilibet
336 5603 429 5641 eorum
447 5594 480 5643 ab
495 5596 548 5645 aliu
576 5612 624 5648 sua
652 5604 813 5664 proprietate
841 5623 889 5671 per
911 5625 940 5661 aa

110 5650 206 5711 nnius.
220 5655 248 5706 id
273 5661 315 5708 ast
337 5658 392 5712 alia
415 5677 531 5726 persona
555 5674 604 5719 εει.
626 5668 722 5723 Uuitas
745 5688 808 5727 varo
831 5692 939 5730 eorum-

111 5720 178 5772 dsm
191 5725 313 5777 consistit
327 5726 356 5778 in
372 5730 540 5795 substantie,
554 5737 582 5787 id
593 5745 633 5790 εει
643 5739 745 5804 odaiae,
758 5759 818 5809 que
829 5748 862 5798 de
873 5748 938 5814 ipsis

109 5792 285 5862 predicatur,
309 5798 481 5866 simplicitate
511 5818 519 5859 t
550 5809 674 5863 videlicet
700 5815 789 5868 auitas
814 5818 847 5868 da
885 5821 939 5873 iliis

1032 4544 1090 4593 llaec
1117 4544 1151 4604 εἰ,
1181 4550 1230 4596 ειε.
1260 4546 1269 4613 ]
1296 4547 1401 4606 Quasi:
1424 4549 1499 4608 Quod
1524 4550 1610 4609 Pater.
1635 4554 1662 4601 al
1688 4551 1825 4612 Filius,et

1000 4614 1115 4678 Spiritus
1138 4623 1246 4667 sauctus
1275 4632 1329 4669 nou
1366 4620 1400 4671 da
1437 4620 1582 4673 Divinitata
1612 4623 1825 4677 substantialiter

1001 4685 1191 4748 predicantur,
1208 4688 1275 4739 mihi
1299 4690 1393 4741 videor
1414 4693 1550 4756 predictis
1571 4696 1823 4748 ratiocinationibus

1000 4771 1060 4821 que
1076 4772 1109 4809 ex
1125 4760 1256 4811 catholica
1270 4762 1321 4813 lida
1346 4764 1447 4816 habeut
1470 4766 1588 4821 initium.
1614 4769 1822 4821 demonstrasse.

998 4830 1084 4880 Tuum
1112 4834 1212 4890 tamen,
1239 4848 1255 4883 ο
1282 4836 1409 4895 ioannes,
1439 4850 1521 4902 super
1551 4840 1594 4888 his
1620 4840 1753 4904 judicium
1781 4857 1824 4893 ex·

999 4906 1101 4964 specto.
1116 4902 1142 4951 Si
1158 4904 1291 4967 ergohec
1305 4922 1333 4957 so
1357 4908 1459 4960 habant
1482 4915 1552 4960 recle
1577 4913 1727 4961 secuudum
1750 4912 1823 4965 locos

999 4970 1133 5022 vationum
1150 4974 1306 5039 theologicis
1330 4979 1562 5040 convenientium,
1588 4985 1615 5031 ει
1635 4983 1657 5031 si
1684 4983 1761 5032 eliam
1777 4998 1823 5033 ra-

998 5044 1086 5093 tiones
1101 5047 1164 5093 suut
1184 5059 1215 5094 er
1239 5046 1299 5107 lide,
1324 5048 1352 5099 id
1383 5056 1424 5101 est
1442 5052 1522 5115 juata
1545 5054 1704 5105 catholicam
1731 5054 1820 5116 tidem,

997 5120 1059 5176 pato
1074 5120 1103 5165 ut
1116 5124 1170 5167 tue
1187 5120 1393 5172 contestationis
1405 5127 1565 5176 auctoritate
1580 5140 1623 5176 ma
1638 5128 1766 5187 instruas,
1789 5128 1818 5175 ld

996 5190 1045 5247 eat,
1061 5187 1088 5235 iu
1103 5200 1197 5237 corum
1213 5203 1274 5253 que
1289 5193 1439 5245 dictasunt
1464 5195 1641 5261 intelligentia
1667 5197 1818 5246 conlirmes.

996 5256 1169 5307 Antsilorta
1198 5257 1321 5312 diversus
1346 5278 1374 5314 ea
1401 5280 1417 5315 ε
1440 5281 1491 5328 ma,
1517 5269 1596 5318 aliter
1620 5266 1762 5318 sentiendo
1784 5266 1818 5315 da

996 5327 1085 5391 aliqua
1101 5343 1138 5389 ra,
1154 5329 1180 5378 id
1196 5334 1236 5379 εει
1250 5332 1283 5383 da
1298 5333 1387 5398 aliquo
1405 5338 1606 5400 predictorum.
1631 5342 1693 5402 peto
1717 5349 1751 5385 uc
1774 5348 1820 5417 ra·

995 5397 1062 5449 tioui
1079 5414 1125 5463 per
1141 5401 1231 5452 llctam
1244 5404 1334 5465 fldem,
1351 5409 1391 5458 vel
1406 5409 1469 5459 tidei
1484 5425 1533 5474 par
1555 5411 1710 5460 labricatam
1735 5412 1817 5458 ratra-

993 5483 1054 5520 uem
1071 5472 1240 5535 prejudiciis,
1255 5476 1301 5525 aed
1318 5478 1455 5542 ligantias,
1469 5482 1496 5532 id
1512 5486 1560 5538 eal,
1577 5480 1655 5529 valde
1677 5479 1819 5559 diligenter

994 5544 1107 5604 intuere,
1123 5557 1184 5607 que
1200 5546 1269 5596 dicta
1285 5556 1356 5611 aunt,
1372 5553 1413 5601 vel
1428 5567 1486 5602 casa
1511 5552 1648 5602 catholice
1674 5550 1746 5629 lllder,
1775 5550 1818 5602 vel

993 5628 1024 5665 ex
1038 5614 1081 5662 bis
1096 5628 1157 5677 que
1173 5618 1248 5666 tenet
1266 5619 1330 5669 tides
1344 5621 1483 5683 catholica,
1499 5624 1575 5685 aequi
1587 5637 1594 5669 ε
1608 5626 1643 5679 ει,
1675 5635 1697 5670 ει
1725 5626 1817 5701 utana.

992 5698 1044 5751 qua
1059 5685 1169 5750 potaris,
1187 5685 1265 5738 tidem
1280 5691 1465 5757 rationemque
1491 5693 1637 5757 conjunge,
1663 5698 1692 5745 ut
1715 5693 1818 5775 scilicet

988 5750 1108 5823 primum
1125 5772 1158 5810 ex
1172 5759 1225 5811 lida
1239 5762 1387 5814 auctoritas
1399 5762 1508 5824 rationi,
1530 5764 1628 5817 deiude
1650 5780 1684 5818 ax
1710 5768 1816 5819 ratione

990 5829 1111 5882 εεεεεειο
1125 5830 1188 5883 lidai
1201 5837 1384 5898 comparatur.
