3892 6126
213 157 279 213 litt

847 156 1028 213 aspnumx
1046 157 1094 213 et)
1114 155 1278 213 confluit.

1856 158 1922 215 tttt

212 281 241 332 in
259 283 436 347 caterisque
452 283 572 333 humana
588 282 758 346 stetuprimo
786 281 913 347 exigebat
928 280 1223 351 aetermglrnstibus
1250 280 1323 331 illam
1349 294 1412 343 eure
1439 280 1568 334 dietaost
1592 281 1782 347 indigentiam
1796 283 1924 349 saplebat,

213 354 461 418 humanicorporis
492 354 580 404 oltleio
608 355 710 418 absque
739 355 898 405 necessitate
920 354 1035 418 alicujus
1091 357 1233 418 potestate,
1252 367 1308 403 non
1337 355 1507 414 necessitate,
1536 351 1655 405 humani
1685 352 1814 418 corporis
1840 354 1923 407 ollteie

212 423 364 490 indigentia
382 427 553 476 lunetusest.
583 426 675 489 Neque
704 426 775 476 enirn
792 427 872 476 etiam
896 425 924 477 in
949 426 1034 475 Adam

210 500 286 547 tants
301 498 451 563 indigentia
466 504 530 547 tuuc
546 498 629 548 luisse
645 499 779 549 credenda
803 503 852 557 est,
868 503 971 563 quanta
985 497 1037 548 luit

209 577 440 634 postpcecutum:
464 574 493 620 ut
515 571 624 633 scilieet,
642 569 693 620 nisi
722 571 919 628 manducasset,
945 571 1035 620 rivere

209 657 263 692 non
280 644 568 708 potirieset;eedtelis
597 645 697 708 potins,
724 646 797 709 quod
827 646 849 694 ei
873 644 981 708 quidem
1002 657 1034 694 ex

209 715 282 764 omni
297 714 371 775 ligno
387 729 474 764 escam
491 721 615 776 sumeret,
646 730 753 779 semper
777 715 869 766 vivers
892 715 1035 779 potuiaeet,

209 786 380 850 hisque.t10c
397 791 438 837 est
452 789 510 837 brec
524 788 655 837 sumendo
682 802 737 837 nou
765 789 852 838 mori:
874 794 901 839 et
924 787 1033 846 idcireo,

207 862 237 906 ut
262 858 386 909 videlicet
416 860 458 907 lus
487 872 593 921 semper
621 860 712 909 vivere
741 857 883 921 potuisset.
910 859 1033 909 Patndrei

206 929 480 993 fructibusexplebet
503 945 561 980 eam
591 945 651 995 quae
682 931 750 981 dicte
779 936 820 980 est
847 930 1032 995 indigentiam.

206 1001 349 1051 Neneuim
379 1004 459 1053 etiam
489 1005 515 1052 in
543 1005 593 1053 lico
625 1002 1035 1066 poenalistetuomuiaquibus

207 1070 327 1136 indigere
338 1074 463 1130 dicimur,
488 1073 554 1123 talia
582 1079 654 1130 aunt.
669 1079 699 1123 ut
722 1074 845 1138 quamvis
860 1075 889 1122 in
907 1077 956 1123 trec
978 1075 1035 1122 rita

207 1146 369 1209 degentibus
395 1147 594 1211 quodammodo
627 1146 864 1205 adminiculentur,
898 1148 955 1197 sine
982 1147 1033 1196 iliis

206 1221 296 1268 tansen
313 1218 380 1268 niori
396 1232 505 1269 neeesse
521 1220 562 1275 sit.
580 1219 673 1283 qualia
687 1224 751 1269 sunt
765 1220 934 1277 vestimenta,
954 1218 1033 1268 vehi-

207 1291 267 1339 cula
279 1292 467 1341 etmultiiariae
485 1290 622 1355 qualitatis
646 1291 802 1355 hujusmodi
825 1293 951 1355 plurime,
973 1291 1032 1341 siue

205 1361 303 1424 quibua
320 1363 429 1426 ‹pridem
447 1361 537 1413 rivere
553 1377 706 1426 possumus,
722 1368 750 1413 et
763 1368 829 1413 tunc
857 1362 899 1411 his
929 1362 1032 1426 indige·

205 1447 274 1483 mus.
290 1436 372 1484 liutto
388 1434 474 1492 magis
506 1449 568 1498 ergo
600 1435 627 1484 in
656 1435 701 1484 illo
735 1438 804 1484 stetu
834 1433 881 1497 qui
903 1432 1032 1484 luitente

206 1512 355 1569 peecatum,
371 1506 457 1556 Adam
486 1511 568 1556 etiam
600 1506 658 1556 sine
687 1507 755 1556 escis
775 1507 863 1556 rivere
877 1510 993 1571 poteret,
1006 1509 1032 1557 et

208 1581 300 1627 tamen
314 1577 529 1640 his‚‚indigeliat.
546 1578 640 1636 Quam,
657 1579 708 1628 hoc
722 1582 763 1628 est
788 1577 940 1641 cujusmodi
961 1576 1031 1627 indi·

1089 424 1199 474 functus
1218 429 1281 475 est:
1310 427 1337 476 et
1364 424 1422 477 hec
1449 426 1508 491 ipss
1532 425 1650 491 quidem
1681 424 1841 489 indigentis
1867 434 1922 480 ente

1088 495 1315 547 resurrectionem
1330 497 1358 547 in
1373 512 1406 548 eo
1420 497 1487 558 luit;
1515 502 1577 562 pest
1604 499 1847 548 resurrectionem
1868 512 1920 550 vere

1089 567 1274 625 telisexstitit.
1296 573 1326 619 ut
1353 570 1418 619 illud
1447 584 1547 635 corpus
1574 570 1748 628 hamonem.
1780 573 1919 623 secundun

1090 639 1148 690 hoec
1163 654 1223 704 quee
1238 642 1295 706 lpse
1310 641 1343 691 ed
1359 641 1492 693 humanos
1507 656 1572 693 usus
1587 642 1697 695 bebere
1733 642 1869 709 solueret,
1889 644 1919 696 its

1087 718 1248 771 mutaretur.
1266 713 1336 764 sicut
1349 728 1448 779 corpus
1461 714 1525 766 ltdae
1550 724 1655 779 prester
1687 716 1838 765 vinculum
1861 732 1918 781 pre·

1087 785 1264 836 varicationis
1278 785 1375 838 muteri
1390 786 1530 853 potuisset,
1547 797 1680 852 essetque
1701 790 1735 839 in
1758 803 1795 840 eo
1812 789 1840 841 id
1858 792 1916 855 qaod

1088 859 1517 921 ipsellominuslesusCliristus
1540 861 1638 912 docuit
1668 875 1734 920 nos,
1766 875 1823 912 non
1851 864 1917 915 modo

1088 929 1457 983 exteriorirerborumsono
1482 933 1610 992 clamere,
1642 947 1746 983 rernm
1778 934 1859 984 etiam
1881 937 1915 987 in·

1087 1002 1146 1052 timi
1162 1002 1272 1054 allectus
1287 1005 1357 1054 rotis
1367 1010 1470 1068 optare.
1483 1009 1514 1055 ut
1540 1004 1673 1055 videlicet
1705 1005 1839 1055 volutatu
1860 1007 1916 1073 eju.

1087 1081 1190 1125 remoto
1219 1077 1375 1140 indigentie
1407 1078 1496 1127 omnis
1524 1075 1745 1141 impedimento,
1776 1080 1824 1128 list
1849 1081 1916 1131 esa

1086 1147 1516 1206 terrcliooeetintromininas,
1547 1151 1620 1199 sicut
1651 1148 1682 1198 in
1713 1150 1862 1206 eoelc.hoc
1884 1158 1916 1202 est

1087 1217 1115 1268 in
1131 1221 1254 1281 angelis;
1270 1224 1298 1269 ei
1311 1224 1342 1270 ut
1355 1234 1467 1285 regnum
1483 1221 1550 1283 ejus,
1563 1235 1620 1285 quo
1647 1221 1735 1271 carni
1765 1220 1875 1285 spiritus
1892 1222 1915 1273 is

1087 1288 1214 1340 omuibus
1228 1292 1351 1354 imperet.
1382 1291 1521 1354 adveniet,
1549 1297 1579 1342 et
1608 1305 1662 1342 nos
1694 1292 1800 1342 liberet
1823 1307 1839 1343 e
1859 1307 1915 1356 qno

1087 1374 1193 1425 cunque
1208 1361 1291 1426 hujus
1319 1362 1410 1413 seculi
1437 1363 1519 1413 melo.
1545 1364 1611 1414 llaee
1639 1364 1729 1421 enini.
1764 1363 1850 1429 quasi,
1874 1365 1913 1415 hoe

1086 1432 1174 1483 docuit
1187 1432 1244 1497 ipse
1259 1433 1380 1484 Christus
1396 1439 1504 1498 optare,
1518 1439 1545 1485 st
1560 1448 1614 1485 nos
1636 1437 1743 1499 ntique
1767 1440 1808 1497 (ut
1829 1438 1913 1494 doeaiti

1085 1503 1450 1567 itelaciemus3l1aecenim
1474 1505 1568 1557 omnia
1598 1507 1778 1570 deprecetur
1802 1508 1847 1558 ille
1871 1508 1913 1558 ha·

1086 1577 1159 1626 muni
1170 1577 1285 1639 generis,
1302 1589 1356 1627 non
1372 1578 1480 1641 quidem
1497 1577 1632 1635 omnium.
1648 1578 1705 1628 sed
1736 1578 1850 1630 fideliter
1871 1579 1912 1631 loe

206 1650 323 1712 gentiam
342 1649 369 1698 in
400 1650 506 1699 Christo
536 1649 619 1700 tuisse
648 1650 798 1701 secundum
827 1654 927 1700 stetum
955 1647 1417 1714 illnmssreetafldeersdontium.
1445 1650 1603 1700 beatissime
1632 1650 1811 1713 immutatio,
1837 1650 1912 1703 idest

205 1719 252 1784 qui
268 1720 319 1769 luit
334 1720 399 1769 ddae
412 1724 473 1769 ante
492 1725 640 1784 peccatum,
656 1720 746 1771 nullus
763 1723 888 1783 ignorst;
907 1720 953 1770 scd
976 1722 1028 1771 hoe

203 1794 261 1842 cola
274 1793 332 1855 ejus
347 1797 488 1857 potestate,
504 1806 558 1842 non
574 1794 664 1858 eliqua
693 1797 793 1857 praeter
820 1793 906 1856 ipsius
928 1793 1028 1845 volun·

204 1868 286 1914 tatem
305 1866 476 1915 necessitate.
498 1865 532 1914 Ex
562 1865 605 1914 his
634 1864 778 1916 manifeste
801 1865 916 1929 intelligi
941 1872 1029 1929 potest

204 1949 257 1998 qua
288 1937 400 1993 ratione,
431 1937 553 2000 quamvis
593 1950 625 1986 ex
654 1937 763 1986 homine
806 1950 903 2000 cerpus
930 1936 1028 1988 Christi

204 2010 496 2073 auinptumsit.etque
525 2007 613 2057 ‹imuis
639 2009 719 2058 homo
737 2023 769 2058 ex
798 2011 885 2071 prima
903 2011 1028 2073 presseri-

205 2081 309 2129 catione
325 2085 351 2130 et
376 2085 486 2143 peceato
515 2084 542 2129 et
567 2087 653 2131 morte
682 2085 830 2142 teneretur,
862 2096 917 2131 nou
946 2080 1028 2132 luerit

203 2158 292 2203 temen
309 2154 335 2203 iu
351 2168 383 2203 eo
400 2160 548 2216 peccalum,
565 2168 652 2216 neque
668 2155 792 2204 voluutas
808 2156 862 2204 ulla
879 2157 1027 2218 peccandi:

204 2230 229 2275 et
244 2240 304 2274 cum
322 2227 378 2288 ipse
394 2240 448 2274 non
465 2227 624 2288 peccaverit,
641 2231 730 2276 tamen
746 2231 869 2287 mortem,
882 2240 943 2290 qum
967 2241 1026 2290 pec·

203 2298 253 2346 ceti
270 2311 349 2359 pceue
365 2300 415 2355 est,
431 2298 552 2353 senserit,
577 2298 641 2360 quin
666 2297 790 2347 videlicet
818 2311 871 2347 non
901 2298 1027 2349 humanae

129 2417 133 2423 ,
201 2371 384 2430 generationis
412 2369 479 2432 lege,
509 2368 561 2416 hoe
589 2374 637 2425 est,
667 2383 715 2432 per
745 2374 885 2433 peceatum
926 2383 1026 2419 coneu-

200 2439 340 2501 piseentioe
356 2456 362 2497 ς
377 2441 423 2489 aed
440 2438 496 2489 sole
511 2440 650 2490 voluntate
674 2440 760 2490 lactus
784 2442 874 2499 homo,
896 2455 955 2504 quas
979 2455 1027 2491 ro·

202 2509 252 2559 luit
264 2510 296 2558 de
312 2510 448 2573 predictis
464 2513 590 2562 taumanae
605 2516 710 2561 neturus
737 2513 861 2569 statibus,
877 2516 908 2562 nt
928 2527 978 2563 nos
993 2513 1025 2564 ds

202 2581 409 2630 necessitutibus
424 2584 524 2632 nostr³s
539 2588 655 2645 erueret,
680 2583 745 2633 liber
774 2583 808 2633 ab
832 2584 906 2634 omni
928 2584 1025 2648 hulm-

203 2650 276 2701 modi
293 2653 451 2701 necessitate
467 2654 595 2716 suscepit.
608 2652 724 2717 ideoque
750 2653 820 2704 retia
841 2655 1026 2719 regulaeque

202 2723 312 2785 propria
340 2727 380 2772 est
407 2723 513 2786 generis
555 2725 799 2786 prevaricatorum,
830 2730 904 2774 extra
941 2739 1026 2787 genus

201 2792 269 2841 illud
287 2790 314 2841 in
332 2797 521 2855 argumentum
552 2794 745 2848 adducturos
776 2795 848 2845 lecit.
872 2794 965 2858 ltaque
984 2810 1026 2847 se·

201 2864 320 2914 eundum
349 2864 424 2914 illum
455 2864 627 2930 statum.qui
654 2865 761 2916 laturus
798 2870 856 2917 erut
883 2867 1024 2930 premium

201 2935 362 2991 obedientis.
386 2937 514 2986 immunis
546 2937 579 2987 ab
616 2939 689 2986 omni
727 2944 846 3000 peccato,
876 2939 1023 2988 seeundum

1083 1721 1136 1784 ipst
1150 1721 1313 1771 immutandi
1328 1721 1387 1772 neec
1402 1723 1494 1773 omnia
1508 1723 1715 1786 deprecentur.

1113 1792 1254 1851 deessset,
1272 1793 1423 1855 cluaneca,
1447 1808 1503 1859 que
1527 1794 1563 1843 ael
1593 1797 1619 1844 te
1647 1794 1804 1860 dirigende
1832 1794 1912 1859 scripsi

1083 1864 1115 1915 de
1127 1866 1283 1917 credulitate
1304 1880 1366 1916 enee
1385 1867 1459 1930 fidei,
1474 1867 1500 1917 id
1516 1871 1557 1918 est
1573 1868 1608 1918 de
1629 1867 1677 1918 his
1701 1883 1770 1933 ques
1785 1876 1911 1920 rectscre·

1082 1937 1171 1986 denda
1188 1938 1278 1988 credo.
1296 1937 1350 1998 Quo
1364 1938 1393 1988 in
1406 1937 1456 2002 re]
1473 1937 1551 1997 Quasi
1565 1953 1571 1986 ι
1589 1938 1737 1998 Quoniam
1759 1940 1817 1990 brec
1841 1940 1870 1989 ad
1889 1946 1909 1989 te

1082 2009 1312 2072 direxi‚volo‚ul
1331 2010 1353 2060 si
1381 2024 1435 2074 qus
1453 2012 1533 2061 aliter
1560 2026 1646 2075 quem
1676 2017 1812 2063 convenit
1836 2028 1851 2062 s
1876 2028 1909 2064 me

1082 2084 1153 2133 diets
1167 2083 1338 2148 cognoveris,
1355 2086 1481 2150 corriges.
1498 2085 1566 2135 Nem
1583 2085 1698 2149 siquid
1725 2100 1742 2135 a
1766 2101 1809 2137 me
1823 2089 1909 2139 dieta·

1081 2160 1122 2205 est
1137 2169 1287 2219 perperam,
1303 2157 1355 2205 hoc
1369 2159 1412 2205 est
1423 2170 1558 2220 perverse,
1582 2170 1638 2206 non
1666 2161 1710 2207 ite
1736 2172 1796 2208 sum
1822 2165 1910 2208 ametor

1081 2227 1142 2282 mei.
1160 2232 1190 2276 ut
1203 2241 1234 2277 eu
1248 2240 1308 2290 qure
1337 2227 1420 2277 semel
1445 2228 1504 2277 sinc
1532 2230 1643 2278 ratione
1678 2227 1838 2281 effuderim.
1857 2244 1910 2280 soe·

1082 2298 1190 2348 leudam
1207 2300 1342 2349 eateterre
1362 2297 1507 2363 cuiuslibet
1534 2300 1643 2350 meliori
1679 2303 1849 2362 seutentiam
1868 2316 1909 2353 ass

1080 2368 1357 2428 debeocontsndere‚
1373 2373 1402 2420 et
1423 2374 1553 2434 tanquam
1581 2373 1639 2421 sint
1668 2386 1736 2424 mes
1763 2374 1907 2424 defendere.

1080 2441 1191 2492 Sienim
1208 2442 1276 2492 nihil
1300 2442 1365 2493 boni
1383 2456 1415 2493 ex
1446 2443 1524 2492 nohis
1550 2445 1648 2506 estid
1680 2450 1726 2495 est
1755 2446 1908 2496 sinultares

1081 2518 1198 2578 estque
1226 2514 1305 2564 nohis
1329 2514 1485 2565 auctoribus
1515 2514 1589 2566 bons
1615 2517 1657 2567 sit
1684 2520 1729 2578 (nt
1757 2520 1907 2582 utiqnenoe

1081 2588 1140 2646 est),
1159 2585 1226 2635 nihil
1241 2589 1281 2635 esi
1303 2585 1385 2649 qaod.
1413 2584 1559 2636 debeamus
1586 2600 1687 2638 smera
1719 2589 1748 2637 in
1780 2586 1909 2639 sententiis

1080 2658 1209 2720 tanquam
1225 2658 1333 2707 nostris.
1351 2655 1429 2715 Quod
1444 2658 1466 2706 si
1481 2660 1580 2708 cuncta
1608 2663 1684 2709 sunt
1712 2661 1788 2711 bone
1811 2675 1844 2710 ex
1864 2660 1906 2713 ills.

1081 2726 1133 2776 hoc
1148 2731 1189 2776 est
1204 2726 1320 2778 illosolo
1340 2733 1450 2778 auctore
1476 2726 1523 2793 qui
1551 2728 1628 2778 solus
1660 2742 1722 2780 non
1755 2733 1908 2781 extrinsecas

1081 2798 1220 2847 occidente
1248 2796 1377 2855 noctuae.
1406 2797 1453 2848 sed
1480 2798 1596 2850 reritste
1637 2801 1773 2852 essentias
1804 2816 1857 2853 sne
1876 2806 1907 2851 ssi

1080 2868 1178 2927 bonus,
1207 2868 1274 2919 illud
1302 2871 1392 2932 potius
1419 2869 1520 2920 bonum
1555 2869 1733 2923 eredendum
1769 2878 1820 2934 set,
1844 2873 1903 2938 qood

1079 2937 1436 3001 incommutabillshonitas,
1452 2938 1480 2989 id
1507 2944 1549 2991 est
1579 2942 1669 3006 Deus,
1696 2944 1747 3008 qui
1769 2947 1903 2996 inconne-

198 3007 272 3056 illurn
289 3011 397 3064 statum.
414 3008 460 3071 qui
475 3009 588 3070 poenalis
603 3012 644 3058 est
667 3008 858 3066 inobedientis,
883 3010 1197 3088 pasalonesctabiliter
1223 3013 1312 3063 bouus
1337 3016 1387 3071 est,
1416 3014 1444 3062 et
1482 3014 1602 3063 omnium
1646 3015 1792 3067 bonorum
1828 3029 1900 3069 uam

199 3081 308 3137 multas,
324 3083 351 3129 et
367 3094 452 3144 usque
468 3080 501 3129 ad
529 3084 641 3130 mortem
670 3085 741 3130 recte
768 3080 903 3139 sustinuit.
928 3085 955 3131 et
978 3096 1022 3131 se·
1078 3084 1289 3135 incommutabili
1319 3084 1458 3148 proposito
1485 3097 1542 3135 suse
1570 3085 1734 3138 voluntatis
1767 3089 1900 3153 pencriiit

199 3152 318 3203 cundum
334 3153 407 3202 illum
422 3153 450 3201 in
464 3166 519 3216 quo
534 3153 619 3202 Adam
643 3156 705 3202 ante
729 3159 878 3216 peceatum,
903 3154 1023 3203 Peredisi

786 3481 1227 3583 arentem
1267 3466 1294 3525 '¹'

671 3721 775 3852 dl)
823 3720 1085 3860 OPERA
1135 3721 1416 3858 Bouill

233 3966 402 4014 cotlrirrntts
423 3964 588 4011 nlsteuttti
609 3963 710 4011 nonen
731 3962 911 4018 oeauuueuss
932 3963 1025 4010 iustus
1045 3963 1197 4012 tutareris
1218 3966 1337 4013 NRGROR
1359 3968 1396 4014 Π
1416 3966 1515 4016 noris
1541 3968 1858 4029 nissssn'rmonsau

845 4070 1241 4133 nls'roulco·t·tlssot0(tlce8,

449 4250 613 4313 dentice
635 4248 873 4311 anonumum}
895 4247 1087 4311 GERVASIO
1108 4247 1335 4313 TURONENSI
1356 4250 1635 4317 Puusnr‘rtiuo.

725 4506 928 4619 terrun
958 4509 1361 4620 ptolemeum.

345 4868 361 4903 Δ
376 4867 423 4903 1οΝ
440 4866 541 4902 teresse
558 4864 654 4900 norint
668 4864 840 4901 consuleretur
856 4864 884 4900 ss
898 4864 946 4901 DUC
962 4850 1104 4903 ti'oitmtts.
1123 4863 1256 4900 Perta-titas
1272 4865 1302 4900 ult
1319 4864 1420 4909 illum,
1439 4854 1534 4901 mm*
1550 4864 1586 4902 ῠῦ
1603 4867 1738 4907 10111111.

424 4941 616 5005 Μοηεοίφηειεν,

220 5034 255 5082 Le
269 5034 314 5096 seu
328 5032 368 5081 sci
383 5031 490 5081 m'eveil
500 5031 599 5092 perenis
613 5031 645 5080 de
660 5031 732 5095 seire
744 5031 862 5096 purultre
876 5044 921 5080 son
936 5044 994 5080 riom
1010 5031 1118 5095 auguste
1134 5030 1149 5078 d
1163 5028 1188 5079 lo
1204 5029 1254 5079 tete
1268 5029 1300 5079 de
1313 5031 1379 5079 cette
1391 5027 1513 5093 llislmre,
1532 5032 1557 5080 el
1571 5030 1674 5085 e'etent
1687 5036 1745 5098 fait
1760 5034 1804 5085 lire
1816 5031 1876 5093 iles

189 5125 257 5174 deus
273 5123 338 5172 rucis
354 5122 462 5185 l'Eptlre
479 5122 555 5183 qu’on
571 5136 588 5186 p
604 5121 666 5179 coil,
684 5120 705 5170 il
718 5120 809 5169 l'auus't
823 5120 950 5184 eprddeei
965 5134 1112 5184 repseeccc
1137 5118 1235 5181 douid;
1259 5119 1325 5168 meis
1352 5117 1522 5184 l'lmpresss‘on
1543 5118 1607 5172 n'ess
1633 5131 1721 5189 egent
1746 5126 1786 5175 dle
1799 5120 1875 5172 sela&

189 5218 267 5282 qu'eu
284 5217 398 5265 prement
413 5215 444 5262 de
459 5228 487 5263 se
502 5216 578 5275 mort,
595 5213 622 5277 je
636 5212 689 5261 suis
700 5211 774 5275 price
791 5212 822 5260 de
836 5210 971 5261 l'lronneer
985 5211 1015 5260 de
1033 5210 1157 5275 l'offrr‘rd
1173 5211 1208 5260 Se
1224 5210 1343 5271 traicere.

217 5308 247 5354 de
262 5306 382 5366 croireis,
397 5304 589 5367 Monseiqneur,
603 5315 730 5365 senneser
743 5301 759 5348 d
774 5316 801 5350 ce
815 5315 864 5366 que
872 5301 904 5364 je
913 5300 970 5350 deis
983 5301 999 5348 d
1015 5300 1040 5349 le
1054 5300 1175 5349 endmoa're
1195 5299 1227 5350 de
1250 5314 1277 5349 ce
1299 5300 1387 5364 prend
1408 5299 1507 5366 prisce,
1525 5300 1558 5360 si,
1577 5301 1704 5355 donem
1726 5304 1873 5366 i’oeerspsfl

186 5397 287 5461 satellite,
303 5397 330 5458 je
347 5394 508 5458 superducis
522 5395 585 5443 cette
598 5390 718 5438 devertere
732 5405 838 5455 meoque
853 5390 884 5439 de
898 5404 955 5464 mon
971 5387 1024 5438 rdle
1032 5402 1043 5451 ,·
1055 5391 1082 5438 el
1085 5389 1117 5452 je
1130 5388 1216 5449 souis
1228 5403 1277 5438 reue
1291 5388 1376 5454 rspice
1392 5388 1424 5439 ele
1439 5387 1522 5439 lorcin
1535 5389 1552 5439 d
1567 5389 1596 5440 le
1611 5393 1722 5457 fosete
1741 5391 1822 5459 ragele
1830 5381 1872 5445 e'ie

189 5501 222 5535 ne
237 5487 276 5535 lui
291 5487 396 5537 reminis
410 5500 438 5533 ee
453 5486 499 5548 qui
516 5484 556 5534 lui
569 5481 719 5545 appartient
732 5482 754 5529 si
768 5481 962 5545 legitimemeul.

218 5628 410 5692 'Opusculum
434 5627 507 5679 hune
528 5623 632 5676 Gallico
657 5636 780 5674 sermone
801 5622 908 5674 titulum
938 5636 1009 5686 pree·

186 5701 254 5751 tert:
270 5699 533 5762 Histoire-delicere,
559 5698 681 5747 senemr
708 5695 819 5753 romain,
844 5708 906 5744 over
928 5693 1011 5744 l'eue-

1065 5623 1122 5689 lyse
1135 5621 1167 5671 de
1181 5625 1237 5672 tous
1253 5636 1292 5672 ses
1304 5636 1441 5688 ouvrages,
1456 5620 1500 5672 des
1514 5625 1590 5675 soter
1604 5630 1632 5676 et
1651 5627 1701 5678 des
1720 5622 1868 5678 eruereti-

1065 5692 1223 5758 historiques
1237 5693 1262 5743 el
1275 5691 1461 5761 tldolepe‘qsss.
1476 5693 1577 5745 divisis
1591 5708 1625 5747 ns
1638 5695 1712 5750 dere
1722 5698 1823 5767 periise
