3892 6126
105 261 160 318 723
746 249 805 305 su.
824 246 936 304 usuc.
955 248 1034 303 esv.
1054 247 1174 303 noenu
1692 216 1698 223 ’
1760 244 1815 305 tet

110 394 207 447 autern
222 386 370 458 geometrn
385 379 459 436 talen
474 375 626 449 supponit,
651 373 728 429 siout
742 374 864 445 quidem
889 373 930 428 ai·
947 373 972 439 Α
989 372 1098 444 qnibus
1118 371 1296 445 geometrice
1308 375 1362 438 ret,
1375 374 1427 427 eut
1441 372 1518 444 qnod
1531 387 1565 427 en
1592 370 1705 427 eisdem
1719 388 1816 429 mone-

112 479 232 534 ssrmunt
248 476 374 528 dicentes
390 469 466 540 quod
480 474 593 538 oportet
607 481 663 519 uun
682 463 755 519 lnlso
771 468 803 517 ut
819 478 937 533 geome·
992 467 1086 517 tratur
1099 461 1276 534 geometrice,
1294 466 1325 516 ut
1339 460 1478 524 visibilia,
1490 461 1737 518 sinriliterautem
1753 461 1818 519 etin

111 572 201 632 trem,
219 561 334 617 mentiri
358 564 456 612 autern
473 557 617 611 dicentem
642 552 750 608 lineam
767 568 832 608 esse
849 551 937 606 unius
992 550 1067 607 aliis.
1084 551 1116 606 lit
1131 552 1166 608 de
1182 552 1219 607 iis
1230 553 1349 624 quidem
1372 557 1401 607 et
1416 552 1559 607 rationem
1576 553 1743 624 ponendam
1758 567 1820 609 esse

992 656 1027 695 en
1055 640 1240 712 geometricis
1266 640 1419 712 principiis
1435 646 1463 695 et
1488 640 1745 709 conclusionibus,
1772 642 1819 698 sed

993 728 1204 801 principiorum
1217 729 1361 785 rationem
1374 747 1431 785 non
1445 730 1610 801 ponendum
1627 745 1694 786 esee
1709 746 1821 799 geome-

993 822 1045 873 trae
1060 819 1221 874 secundum
1238 819 1315 889 quod
1331 822 1376 874 eet
1388 818 1559 891 geometris,
1572 817 1713 874 similiter
1725 824 1818 877 eutem

993 910 1022 961 et
1035 905 1066 960 in
1082 906 1149 961 eliis
1165 906 1307 962 scientiis.
1323 905 1424 978 Neque
1440 921 1526 962 omne
1542 909 1587 962 est
1600 906 1703 978 ntique
1720 924 1820 963 unum·

995 1012 1142 1068 quemque
1157 996 1296 1053 scientem
1322 996 1575 1069 interrogandum,
1598 1013 1695 1068 neque
1719 1015 1819 1054 seeun-

995 1089 1063 1139 dum
1080 1101 1166 1141 omne
1195 1085 1408 1158 interrogatum
1437 1102 1502 1142 esse
1531 1087 1820 1160 respondendumde

996 1190 1185 1246 unoquoque,
1201 1175 1251 1231 sed
1264 1192 1326 1246 quse
1342 1178 1413 1230 sunt
1428 1176 1591 1231 secundum
1607 1176 1819 1233 scientiumde·

996 1265 1161 1320 terminata.
1175 1263 1205 1318 Si
1221 1269 1316 1320 autern
1329 1264 1534 1337 disputetcum
1545 1273 1706 1335 geometra,
1721 1282 1818 1322 secun·

113 654 207 729 pedis,
223 667 287 721 qne
297 665 355 702 non
368 649 413 700 est
428 645 517 699 unius
528 643 612 716 pedis
629 647 680 697 aut
695 646 804 697 rectam
816 639 936 704 lincam,

114 759 172 798 nou
189 743 297 795 rectam
314 735 499 799 existentem,
515 733 564 787 sed
582 735 731 803 geometra
748 727 820 784 nibil
832 745 937 785 secun-

114 831 184 884 dum
200 827 277 881 benc
290 824 396 880 lineum
410 820 571 887 concludit,
581 836 669 889 quam
682 819 746 890 ipse
761 817 870 889 posuit,
887 815 937 872 ssd

114 914 325 991 quaeperhenc
337 912 542 968 ostenduntur.
558 909 702 980 Amplius.
718 907 821 963 Petilio
832 911 859 961 et
869 923 939 978 sup·

113 1006 221 1079 positio
247 1002 354 1065 omnis,
371 1005 421 1055 aut
437 999 514 1054 sicut
533 1002 630 1053 torum
651 1001 706 1066 est,
723 1002 774 1052 aut
798 996 828 1050 in
845 1002 937 1067 parte,

114 1093 233 1151 termini
243 1095 340 1147 eutem
354 1094 489 1145 neutrum
500 1088 615 1142 horum.
627 1086 743 1158 Species
754 1086 872 1156 quidem
885 1087 939 1157 igi-

114 1189 163 1239 tur
178 1198 253 1249 esse,
268 1184 320 1235 aut
336 1194 428 1234 unum
441 1176 550 1247 aliquid
567 1179 648 1231 extre
664 1174 754 1229 multu
769 1191 827 1229 non
844 1191 940 1230 ncces·

116 1289 147 1328 se
163 1275 294 1332 estesse,
311 1268 336 1323 si
348 1265 560 1322 demonstratio
576 1263 643 1328 erit,
658 1279 722 1318 esse
738 1267 833 1317 lemen
847 1279 940 1318 urum

117 1363 152 1417 de
169 1359 271 1415 multis
285 1372 388 1412 verum
403 1354 510 1422 dicere,
522 1368 641 1408 necesse
656 1356 710 1406 est.
724 1351 784 1406 Non
795 1352 873 1407 enim
887 1353 942 1407 erit
998 1354 1067 1407 dum
1080 1354 1158 1424 quod
1172 1357 1214 1408 est
1224 1358 1382 1425 geometra,
1396 1354 1438 1409 sic
1449 1353 1640 1410 muniiesium
1652 1359 1698 1410 est
1709 1356 1787 1426 quod
1797 1360 1820 1411 et

115 1447 281 1506 universale
297 1447 353 1502 nisi
370 1445 424 1499 boc
448 1443 496 1498 slt.
512 1441 541 1496 Si
558 1457 624 1496 vero
645 1439 808 1495 universale
823 1457 880 1495 non
893 1441 942 1508 sit,
997 1441 1082 1511 bene,
1098 1441 1123 1496 ei
1137 1457 1172 1497 ex
1187 1442 1223 1496 iis
1234 1440 1345 1514 aliquid
1357 1442 1548 1509 demonstret,
1563 1443 1588 1499 si
1599 1459 1668 1499 uere
1678 1459 1753 1512 non,
1768 1460 1819 1500 non

118 1540 247 1595 medium
265 1555 322 1593 non
336 1536 401 1602 erit,
414 1549 504 1605 qnare
521 1547 615 1602 neque
626 1531 846 1595 demonstratio,
862 1547 943 1603 opor·
999 1530 1082 1599 bene,
1099 1530 1288 1585 menifestum
1304 1535 1401 1586 autem
1414 1535 1458 1586 est
1473 1531 1550 1602 quod
1567 1547 1628 1586 non
1645 1532 1747 1603 arguit
1761 1550 1819 1603 geo·

117 1634 161 1685 tet
175 1629 276 1698 itaque
291 1624 402 1696 aliquid
421 1638 522 1690 unum,
538 1626 566 1676 et
581 1620 659 1676 idem
680 1620 716 1675 de
731 1619 865 1691 pluribus
880 1635 944 1676 esse
999 1622 1135 1685 metram,
1145 1619 1196 1674 sed
1208 1624 1259 1674 eut
1269 1619 1430 1675 secundum
1441 1619 1693 1683 accidensouare
1703 1622 1820 1677 nnunti-

118 1733 177 1773 non
192 1715 387 1786 equivocum.
413 1710 474 1767 Non
491 1710 661 1782 contingere
685 1713 782 1764 autem
808 1709 887 1765 idem
904 1708 944 1764 si·
959 1742 983 1808 B
999 1709 1120 1779 quaerit
1135 1724 1192 1763 nou
1201 1708 1387 1779 geometricis
1400 1708 1819 1782 degeometriadisputsndum

119 1804 182 1861 mul
198 1805 357 1869 affirmare,
381 1807 409 1857 et
424 1816 540 1872 negare,
564 1815 659 1870 neque
683 1815 741 1853 nne
767 1798 870 1869 recipit
893 1801 945 1854 de·
999 1795 1101 1852 latebit
1111 1797 1188 1851 enirn
1205 1812 1290 1867 preve
1305 1797 1473 1869 dispulsus,
1485 1797 1623 1853 similiter
1638 1802 1740 1854 sutem
1757 1804 1786 1855 et
1798 1801 1822 1854 in

122 1891 307 1960 monstratio,
323 1891 373 1946 sed
391 1895 442 1946 aut
457 1889 481 1945 si
497 1889 628 1960 indigeat
643 1892 807 1942 monstrare
826 1885 945 1943 conclu·
1000 1883 1066 1940 aliis
1081 1900 1112 1940 se
1127 1902 1159 1940 se
1172 1884 1259 1941 babet
1271 1885 1411 1942 scientiis.
1423 1885 1564 1950 Quoniam
1582 1890 1654 1942 sunt
1669 1888 1823 1959 geometri·

123 1983 235 2040 sionem
248 1981 302 2047 sic,
312 1979 478 2036 ostenditur
488 1976 805 2050 autemaccipientibus
817 1978 945 2048 primum
1000 1988 1041 2029 cae
1056 1974 1309 2045 interrogationes,
1320 1990 1418 2031 nonne
1430 1979 1499 2030 sunt
1513 1981 1542 2031 et
1552 1993 1607 2032 non
1620 1976 1824 2048 geometrice?

123 2071 268 2127 demedio
284 2070 361 2141 quod
384 2084 497 2133 verum,
516 2083 621 2139 negare
645 2070 742 2123 cutem
760 2082 816 2121 nou
834 2081 945 2133 verum,
1001 2063 1035 2119 Et
1049 2079 1112 2134 que
1126 2067 1197 2118 sunt
1211 2065 1373 2118 secundum
1401 2080 1644 2136 unumquemque
1660 2064 1822 2134 scientium,

122 2161 252 2217 medium
279 2163 375 2214 autem
394 2156 467 2212 nihil
483 2156 580 2212 diliert
594 2171 669 2224 esse,
685 2160 713 2210 et
736 2173 792 2211 non
808 2159 854 2211 eet
868 2155 946 2211 scol·
1001 2157 1029 2207 et
1044 2168 1107 2223 que
1124 2152 1287 2208 secundum
1316 2152 1514 2224 ignorantium
1531 2152 1628 2225 qualis
1653 2156 1825 2226 geometrica

122 2266 201 2322 pere,
217 2247 353 2303 similiter
368 2252 465 2301 nutem
490 2251 519 2300 et
531 2244 662 2311 tertium,
678 2244 703 2299 si
718 2244 795 2299 enim
812 2244 945 2316 assigne·
1001 2241 1067 2296 est?
1081 2241 1115 2296 llt
1138 2245 1237 2296 utrum
1254 2241 1305 2312 qui
1331 2242 1495 2297 secundum
1518 2242 1717 2312 ignorantium
1744 2245 1825 2317 syllo-

119 2339 215 2393 tarde
231 2337 329 2407 aliquo
340 2335 499 2398 hominem,
515 2348 617 2388 verum
631 2339 676 2388 est
686 2334 792 2400 dicere,
809 2338 838 2388 et
852 2334 875 2388 si
888 2350 945 2389 nou
1001 2329 1126 2401 giemus,
1141 2329 1191 2402 qui
1206 2333 1251 2385 est
1265 2347 1299 2385 ex
1314 2330 1455 2402 oppositis
1471 2330 1673 2404 syllogismus,
1690 2350 1729 2388 an
1746 2350 1824 2405 peru-

119 2426 283 2493 hominem,
299 2441 410 2489 verum,
425 2424 474 2479 sed
498 2421 635 2478 sisoium
661 2421 811 2477 hominem
837 2422 947 2478 animal
1002 2418 1168 2491 logismus‘i
1193 2418 1360 2475 Secundum
1378 2420 1570 2492 geometriam
1594 2425 1708 2488 autem,
1731 2427 1826 2478 sutex

120 2531 196 2582 esse,
213 2531 310 2581 omne,
324 2530 381 2570 non
398 2511 509 2568 animal
534 2514 632 2567 sutem
647 2528 716 2567 non.
730 2510 790 2566 llrit
804 2512 883 2567 enirn
898 2528 947 2566 ve·
1001 2506 1058 2562 alis
1074 2512 1135 2563 erte
1146 2511 1177 2563 ut
1194 2507 1317 2580 musice,
1333 2511 1377 2563 est
1393 2508 1652 2581 interrogetlonon
1669 2512 1824 2582 geometri·

120 2620 186 2660 rum
203 2603 299 2659 dicere
314 2600 445 2668 Gelliam,
461 2601 520 2656 sive
537 2617 595 2656 non
609 2599 729 2655 Gelliam
745 2616 810 2655 esse
825 2599 944 2667 enimsi,
1001 2612 1045 2664 cc,
1062 2596 1097 2652 ds
1109 2597 1288 2668 geometrice
1303 2602 1412 2667 autem,
1429 2603 1461 2653 ut
1476 2597 1511 2652 ad
1529 2598 1653 2654 invicem
1672 2599 1824 2671 perellrles

124 2709 182 2747 uon
198 2690 425 2757 animalautem,
438 2707 507 2745 non.
523 2690 725 2745 Causeautem
742 2693 786 2744 est
802 2689 878 2760 quod
891 2689 948 2760 pri·
1000 2700 1172 2741 concurrere
1195 2687 1319 2758 opinari,
1346 2687 1522 2759 geometrica
1535 2688 1756 2758 quodammodo
1775 2698 1826 2758 eet,

11 2796 15 2801 ·
125 2796 207 2837 mum
219 2796 277 2837 non
292 2778 386 2836 solum
403 2779 439 2834 de
454 2779 551 2834 medio
566 2777 737 2846 dicitur‚sed
751 2777 787 2832 de
800 2777 866 2844 elio,
880 2795 948 2849 pro·
1000 2781 1029 2832 et
1044 2791 1101 2829 non
1118 2774 1296 2845 geometrice
1309 2774 1365 2830 alic
1382 2776 1479 2843 modo,
1498 2775 1658 2848 dupliciter
1673 2779 1757 2834 enim
1776 2778 1825 2834 boo

120 2875 186 2942 pter
201 2870 229 2925 id
248 2870 325 2941 quod
341 2869 378 2924 de
392 2868 536 2940 pluribus,
553 2883 643 2939 quere
667 2882 762 2937 neque
776 2867 801 2921 si
817 2867 945 2922 medinm
1001 2870 1045 2920 est
1060 2863 1137 2920 sicut
1151 2863 1310 2930 eritbmon,
1325 2863 1447 2919 alterum
1463 2865 1581 2935 quidem
1599 2883 1658 2921 non
1673 2868 1825 2939 geometri·

122 2964 151 3014 et
165 2958 242 3014 idem
250 2963 305 3027 est,
317 2964 345 3014 et
356 2974 413 3013 nou
428 2957 518 3025 idem,
532 2956 568 3011 cd
578 2955 795 3012 conclusionem
807 2954 880 3009 nibil
890 2955 946 3010 dil·
1002 2968 1069 3008 cnm
1085 2958 1130 3007 est
1144 2951 1173 3007 in
1187 2968 1243 3008 non
1260 2952 1404 3019 babendo,
1419 2952 1541 3009 alterum
1555 2971 1621 3010 vero
1634 2957 1663 3011 in
1675 2972 1765 3029 prave
1776 2957 1826 3013 bn·

120 3045 187 3102 lert.
205 3047 365 3102 Commune
381 3050 479 3102 nutem
505 3045 663 3112 affirmare,
680 3049 731 3100 sut
750 3060 866 3116 negare,
883 3060 946 3116 quse
1002 3042 1109 3108 bendo,
1125 3047 1154 3097 et
1178 3040 1347 3113 ignorantie
1368 3042 1508 3113 hecque
1531 3048 1619 3099 estex
1634 3046 1704 3117 elus
1720 3046 1825 3119 princi·

122 3139 166 3189 est
176 3135 210 3190 ed
223 3134 405 3205 impossibile
415 3133 636 3201 demonstratio,
656 3133 772 3204 occipit,
784 3138 812 3188 et
825 3134 878 3189 boc
895 3148 945 3187 ne·
961 3111 983 3178 C
1002 3128 1068 3200 piis,
1085 3129 1231 3183 contrarie
1241 3132 1296 3184 est.
1309 3129 1339 3184 ln
1351 3129 1492 3186 doctrinis
1502 3134 1599 3186 autem
1617 3148 1674 3188 non
1688 3134 1825 3189 estsimi-

121 3220 946 3293 quesemper,universnliter‚sedquantumsulllciensest
1000 3216 1068 3273 liter
1084 3216 1310 3289 paralogismus,
1322 3219 1391 3287 quin
1405 3219 1662 3292 mediumecmper
1675 3221 1824 3295 estdupli·

120 3310 427 3365 suillciensautemest
444 3310 585 3382 ingenere
599 3310 816 3365 :dioouuternin
829 3327 944 3382 genere,
1001 3308 1084 3377 citer,
1100 3307 1205 3363 etenim
1222 3308 1258 3363 de
1268 3307 1322 3363 hoc
1338 3309 1430 3377 omni,
1441 3314 1470 3365 et
1485 3310 1537 3366 boc
1547 3310 1653 3366 iterum
1664 3312 1702 3368 de
1713 3312 1770 3368 alio
1781 3312 1823 3367 di·

120 3397 245 3452 utcirce
274 3400 351 3469 quod
378 3414 472 3470 genus
488 3399 755 3455 demonstrationes
784 3400 849 3466 lert,
869 3401 946 3456 sicut
1001 3395 1087 3465 citur,
1103 3395 1191 3464 omni,
1218 3396 1295 3468 quod
1313 3404 1410 3452 autem
1428 3399 1615 3470 predicatur,
1644 3416 1703 3456 uon
1721 3403 1827 3456 dicitur

119 3485 229 3541 dictum
242 3491 287 3541 est
297 3487 389 3557 prius.
399 3488 730 3543 Communicsntnutem
743 3505 845 3544 omnes
855 3489 946 3544 scirn-
1001 3502 1097 3542 omne.
1114 3486 1180 3543 Hec
1195 3491 1291 3542 autem
1309 3492 1379 3543 sunt
1390 3493 1422 3543 ut
1438 3493 1483 3544 est
1496 3489 1595 3545 videre
1607 3490 1636 3545 in
1654 3491 1824 3560 intellectu;

122 3575 168 3630 tire
187 3577 349 3631 secundum
367 3576 549 3631 communia.
568 3576 743 3631 Communis
757 3581 854 3632 eutem
870 3577 945 3647 dico,
1001 3576 1050 3630 sed
1061 3576 1089 3631 in
1102 3575 1373 3647 orationibuslatet,
1385 3578 1825 3648 uirumomuiscirculuetlgure

120 3665 229 3735 quibus
246 3669 368 3720 utuntur
383 3669 523 3736 tenquem
538 3680 572 3719 en
582 3664 624 3719 eis
635 3666 881 3736 demonstrantes,
894 3668 945 3723 sed
1001 3666 1049 3733 eit,
1060 3666 1085 3721 si
1095 3666 1358 3732 scribetureutem,
1368 3668 1557 3724 manifestum
1569 3671 1824 3736 eetQuidautcm,

122 3769 178 3809 non
194 3754 352 3824 exquibus
375 3755 591 3823 demonstrent,
610 3770 705 3825 neque
731 3757 807 3826 quod
824 3757 947 3812 demon·
1000 3756 1098 3810 sintne
1112 3755 1406 3811 carminecirculusi
1418 3759 1757 3831 manifestumquoniam
1769 3777 1822 3816 nun

121 3847 225 3897 strunt.
241 3843 276 3897 llt
291 3841 444 3898 dialectica
457 3843 573 3913 quidem
594 3844 629 3898 de
644 3844 793 3912 omnibus,
809 3850 837 3899 et
852 3845 877 3900 si
893 3847 945 3900 nli·
999 3847 1078 3899 eunt.
1090 3843 1151 3898 Nou
1163 3850 1383 3915 oportotautem
1395 3845 1566 3901 instantium
1578 3847 1608 3902 iu
1628 3849 1729 3920 ipsum
1755 3850 1827 3906 serre

120 3945 179 4001 qua
194 3929 398 3986 universaliter
423 3935 514 3986 tentet
531 3937 696 3988 monstrare
719 3934 898 4001 communic,
915 3939 946 3989 ut
1001 3932 1410 4004 sicitpropositioinductive,
1424 3934 1502 3990 sicut
1517 3937 1595 3990 enim
1612 3953 1711 4008 neque
1725 3955 1827 4011 propo·

119 4020 197 4091 quod
213 4024 258 4074 est
273 4019 422 4075 slfirmere
443 4036 531 4075 omns
545 4023 596 4075 aut
614 4036 729 4092 negare,
742 4026 793 4076 snt
808 4023 884 4093 quod
902 4029 946 4080 est
1001 4019 1067 4075 sitio
1078 4024 1132 4087 est,
1145 4037 1208 4092 qun
1220 4038 1277 4076 nou
1296 4028 1340 4077 est
1354 4021 1384 4077 in
1401 4022 1547 4094 pluribus,
1565 4041 1620 4079 non
1636 4025 1716 4081 enim
1733 4027 1825 4081 eritin

118 4107 242 4179 aequalis
258 4108 294 4164 ab
310 4107 474 4180 equalibus
484 4109 613 4176 demere,
630 4115 680 4164 eut
694 4110 795 4165 talium
810 4111 947 4182 quelibet
1001 4109 1825 4185 omnibus,exuuivereelibusnutemsyllogismusmeni·

118 4197 170 4253 sed
186 4196 337 4253 dialectiea
353 4215 409 4253 non
426 4200 472 4252 est
486 4197 675 4253 definitorum
691 4199 733 4255 sic
748 4200 944 4269 quorumdum
1001 4199 1108 4253 festum
1119 4203 1165 4254 est
1183 4200 1259 4270 quod
1283 4215 1378 4271 neque
1393 4200 1537 4257 instantia
1551 4210 1606 4268 est,
1623 4205 1732 4258 eaedcrn
1749 4205 1823 4259 enirn

119 4302 214 4357 neque
224 4287 340 4357 generis
351 4284 586 4358 alicuiusnnius‚
595 4303 652 4342 uon
664 4288 741 4342 enim
752 4287 946 4358 interrogaret
1001 4291 1069 4341 eunt
1080 4288 1295 4359 propositiones
1306 4292 1335 4342 ct
1346 4288 1507 4355 instantis,
1524 4307 1612 4362 quam
1626 4292 1707 4347 euim
1720 4294 1774 4349 lert
1784 4293 1824 4347 in·

119 4375 369 4430 demonstrantem
381 4381 479 4431 eutem
498 4393 554 4432 non
571 4381 616 4431 est
627 4375 816 4448 interrogare,
828 4382 947 4448 propter
1001 4377 1150 4440 stantiam,
1163 4377 1223 4432 baec
1235 4377 1285 4432 fiet
1297 4378 1398 4447 utique
1409 4379 1570 4450 propositio
1580 4380 1821 4448 demonstrativo,

118 4460 147 4516 id
160 4463 237 4534 quod
250 4465 452 4534 oppositorum
468 4479 602 4520 essenon
624 4471 769 4521 monstret
787 4464 875 4521 idem.
890 4464 945 4521 Os·
960 4480 984 4547 D
1000 4469 1050 4519 aut
1060 4465 1222 4521 dialectica.
1233 4466 1382 4538 Contingit
1395 4472 1492 4522 eutem
1509 4469 1654 4539 quondum
1666 4486 1725 4526 non
1737 4472 1824 4544 syllo-

118 4553 236 4606 tensum
249 4557 344 4606 eutem
362 4557 407 4608 est
423 4552 476 4608 boc
493 4553 523 4608 in
539 4553 576 4608 iis
591 4570 653 4624 ques
670 4554 705 4610 de
726 4553 906 4627 syllogismo.
998 4553 1101 4626 gistice
1117 4554 1214 4611 dicere
1229 4560 1347 4626 propter
1362 4557 1390 4610 id
1405 4557 1484 4628 quod
1506 4558 1656 4630 occipiunt
1672 4562 1824 4633 utriusque

998 4643 1219 4713 consequentia,
1235 4649 1268 4699 ut
1281 4649 1310 4699 et
1320 4645 1441 4700 Ceneue
1453 4645 1605 4716 iecitquod
1619 4647 1699 4718 ignis
1712 4648 1742 4705 in
1755 4649 1824 4704 mul-

998 4730 1823 4809 tiplicstanneloglellt,etnamqueigniscitogenerulur‚

998 4819 1074 4874 sicut
1088 4820 1169 4887 dicit,
1186 4825 1214 4876 et
1229 4820 1289 4877 hece
1306 4827 1351 4877 est
1365 4821 1510 4894 analogia.
1528 4824 1576 4881 Sic
1591 4829 1692 4881 nutem
1709 4844 1767 4884 non
1783 4832 1825 4884 est

997 4902 1824 4988 syllogisrnus,sedsivelocissinruanalogiusequiturmul

439 4712 557 4768 CAPUT
573 4714 624 4772 IX.

121 4805 424 4880 Cujusquedisciplinae
439 4814 575 4881 proprios,
594 4810 867 4880 accommodataeque
887 4827 944 4868 csse

409 4884 654 4953 interrogationes.

154 4995 183 5051 Si
191 4999 290 5052 nutem
299 4997 376 5053 idem
386 5002 431 5053 est
441 4997 630 5068 interrogatio
641 4995 869 5068 syllogistica,et
879 5013 943 5068 pro·

117 5085 222 5157 positio
233 5087 487 5151 contradictionis,
496 5085 814 5158 propositionessutem
825 5090 942 5142 suntse-

117 5177 247 5231 cnndum
257 5190 496 5247 unumquemque
508 5172 823 5244 seientiam,exquiuus
834 5177 943 5248 estsyl-

116 5262 272 5334 logiemus,
284 5266 447 5320 secundum
457 5277 668 5334 nunquamque
678 5266 764 5317 erunt
779 5265 882 5337 ntique
891 5264 941 5319 eli-

117 5369 183 5423 quae
197 5353 439 5426 interrogationes
464 5348 640 5413 scientiales,
657 5365 691 5404 ex
708 5352 814 5423 quibus
831 5354 880 5425 qui
897 5359 941 5409 est

117 5443 278 5496 secundum
297 5456 536 5513 unamquamque
547 5438 683 5509 proprius
697 5439 729 5494 iit
739 5439 938 5512 syllogismus.

116 5527 940 5603 llanilestumitnquequodnonomnisinterrogetiogeo·

119 5617 312 5684 metricaerit,
324 5632 419 5689 neque
436 5613 629 5685 medicinalis,
648 5615 786 5673 similiter
800 5620 897 5673 autem
912 5625 941 5676 et

118 5705 148 5760 'n
162 5704 237 5777 aliis,
254 5708 305 5762 sed
329 5705 487 5776 exquibus
501 5707 552 5760 eut
567 5710 751 5763 monstratur
774 5701 886 5773 eliquid
903 5707 939 5764 de

997 4998 1824 5079 tiplicate,etignemvelocissimainmutationeunelogis.

997 5086 1826 5170 Aliquandoquidemigitursyllogizsrenoncontingitex

997 5176 1303 5250 acceptis,aliqunndo
1316 5196 1382 5235 vcro
1397 5180 1551 5253 contingit,
1564 5183 1614 5237 sed
1630 5200 1688 5239 uon
1702 5184 1825 5240 videtur.

996 5265 1219 5323 Sinutemeeset
1235 5268 1460 5339 impossilrileex
1479 5270 1636 5327 falsisvero
1651 5281 1826 5343 monstrare,

997 5354 1437 5427 iecileutiqueessetrrsolvere,
1451 5364 1779 5419 converterenturenim
1795 5381 1826 5419 ex

996 5446 1178 5500 necessitate.
1200 5446 1355 5501 Silenimu
1376 5464 1440 5514 ens,
1453 5448 1507 5504 hoc
1524 5455 1621 5505 nutem
1634 5467 1704 5506 cum
1729 5454 1779 5519 eit,
1796 5468 1828 5507 ee

997 5532 1470 5608 utiqueeuntquaenoviquoniem
1480 5543 1550 5593 eunt
1561 5538 1623 5609 uti,
1633 5540 1724 5597 exbis
1735 5542 1827 5613 igitur

996 5623 1166 5680 monstrabo
1183 5624 1324 5694 quoniam
1340 5624 1412 5680 lllud
1429 5630 1482 5681 est.
1493 5628 1711 5685 Convertuntur
1724 5634 1825 5689 eutem

996 5708 1092 5782 magis
1107 5727 1170 5782 que
1185 5717 1256 5768 sunt
1270 5711 1688 5788 iumatbemeticis,quouiem
1704 5719 1824 5777 nullum
