3892 6126
109 292 164 346 787
748 290 809 344 dil.
829 282 942 340 MANL·
961 280 1042 337 BRV-
1061 282 1181 337 noemi
1765 281 1817 337 788

108 417 331 476 bominemcasc
342 413 462 482 animal,
473 404 936 486 atconvarsaparticularisaillr·
951 408 979 475 Α
993 405 1230 479 contingitqunm
1242 405 1817 480 pauloanteinsimplieibushabebatur.

109 508 201 562 matio
216 523 280 578 que
296 503 467 577 pronuntiat
482 502 631 574 quoddam
640 501 751 558 animal
765 516 832 557 esse
841 495 935 553 homi·
988 499 1086 567 Atque
1100 495 1130 551 in
1147 494 1195 563 bia
1211 495 1466 552 enuntiationibus
1478 495 1610 553 conveni
1634 497 1755 554 termini
1771 514 1821 571 per

110 611 190 663 nem,
207 601 338 665 utrasque
353 592 442 647 simul
458 608 475 646 s
490 591 622 647 veritatis
637 590 851 663 significatione
876 600 933 641 non
988 585 1203 656 appositionem
1215 585 1364 650 dicuntur,
1376 602 1511 657 unusque
1531 586 1610 642 enim
1626 585 1819 643 terminorum

111 684 263 739 deliciunt.
280 682 323 737 lta
339 681 429 752 igitur
444 678 618 736 universalia
633 678 802 745 alllrmstio,
814 691 877 748 quse
889 674 935 729 sui
990 675 1145 745 negatione
1156 676 1312 746 preposita
1319 674 1453 732 terminis
1463 676 1637 748 simpliciter
1647 677 1821 748 pronuntia·

112 774 331 829 conversionem
357 774 526 842 perpetuam
555 768 632 824 ferre
650 785 708 824 non
736 771 860 840 poterat,
886 779 937 834 per
990 761 1029 818 tis
1044 763 1159 819 videtur
1172 765 1336 836 oppositus.
1347 765 1440 837 liujus
1451 781 1517 822 vero
1528 765 1765 837 participationis
1778 772 1821 823 cst

113 859 244 916 accidens
261 857 431 929 particulari
450 857 641 913 affirmationi
657 871 797 913 conversa
817 858 871 909 est.
885 856 938 906 Per
990 850 1097 922 triplex
1112 852 1238 909 modus:
1254 857 1306 909 aut
1320 855 1397 909 enim
1419 854 1572 924 predicato
1591 859 1708 911 tantum
1736 854 1820 911 termi

113 941 938 1019 accidensautamidemquoniamparticularisaiilrmatio
992 956 1040 1003 no,
1057 942 1173 1012 negatio
1184 941 1333 1013 jungitur,
1349 947 1400 998 sut
1415 945 1557 1013 subjecto,
1570 948 1622 999 sut
1638 944 1758 1015 utrique
1769 949 1823 999 ter-

113 1037 247 1109 priucipe
257 1036 313 1091 sibi
325 1036 390 1108 ipsa
401 1035 463 1092 loco
473 1038 664 1105 convertitur,
685 1050 829 1091 conversa
839 1036 937 1088 autem
994 1029 1067 1086 mini
1078 1030 1271 1101 denegantur.
1286 1031 1515 1104 Primumigitur
1529 1033 1685 1104 supposita
1695 1032 1823 1105 descrip-

114 1125 286 1201 pariioulari
302 1125 493 1182 affirmationi
508 1122 847 1184 universalisaiirrmstio
858 1135 940 1178 sam·
994 1118 1824 1193 tionepandanturexsmpla.Postautemquemad-adum

114 1215 180 1271 dem
196 1214 302 1270 retinet
316 1215 346 1268 in
368 1214 488 1269 raritate
517 1212 705 1269 senteutiam.
738 1210 845 1266 lisdem
875 1206 941 1263 ideo
995 1205 1821 1266 sehabentadveritatisfalsitatisveconsensumeonse·

115 1309 161 1360 est
171 1302 260 1358 etiam
273 1301 447 1358 universalis
459 1303 635 1374 negationis,
647 1317 711 1374 quas
724 1300 865 1371 quonlam
876 1297 942 1368 ipsa
995 1296 1450 1369 quentisnrdinadisputatur.lo
1460 1298 1718 1370 primumquidem
1727 1297 1822 1354 debac

115 1391 319 1467 principaliter
333 1391 462 1447 converti
478 1395 582 1462 potest,
594 1403 798 1460 conversaque
812 1384 943 1458 negatio·
996 1384 1173 1441 disserimus
1188 1387 1274 1457 nujus
1290 1386 1458 1457 subjectum
1473 1387 1725 1459 procinctumque
1740 1400 1822 1457 nega·

119 1483 149 1538 ni
165 1479 324 1537 universali
338 1480 389 1537 illa
403 1496 469 1552 quas
484 1479 654 1536 subalterna
666 1482 711 1534 est
721 1477 853 1535 eamdem
870 1474 943 1530 veri·
997 1477 1054 1528 tur.
1063 1477 1132 1531 Post
1140 1490 1207 1531 vero
1220 1476 1306 1547 cujus
1317 1475 1482 1547 subjectum
1495 1476 1602 1546 solum,
1615 1482 1766 1548 postremo
1777 1491 1823 1532 aa·

120 1572 191 1626 tatis
216 1571 304 1626 relert
318 1568 506 1625 sententiam.
532 1568 721 1624 Particularia
736 1567 854 1638 negatio
872 1579 944 1620 oon·
994 1563 1824 1638 jusquipredicaturrerminasenmnegationaprolertur.

119 1675 205 1715 versa
218 1661 253 1714 ad
269 1657 400 1714 veritatis
415 1658 659 1730 significationem
677 1656 783 1729 poterit
806 1652 945 1710 eonveni-
997 1655 1556 1727 Atqueearumquidemnsturamstque
1570 1655 1706 1710 ordinem
1719 1672 1756 1710 ex
1766 1655 1824 1710 sim·

119 1765 163 1817 re,
179 1753 210 1804 ut
227 1747 334 1820 siquis
351 1747 463 1803 nullum
480 1745 629 1803 bominem
646 1762 711 1803 esse
731 1744 859 1817 lapidem
875 1758 943 1799 oou-
960 1769 984 1835 B
1001 1741 1125 1813 plicibus
1138 1742 1375 1799 intormabimus.
1387 1743 1824 1816 Simplicesautcm‚inquanti·

119 1838 227 1899 firmet,
242 1843 271 1892 et
282 1838 373 1908 hujus
387 1836 537 1892 conversio
552 1840 609 1905 est,
619 1833 734 1891 nullum
744 1833 869 1906 lapidem
880 1845 945 1887 essa
1000 1833 1097 1888 tatum
1107 1830 1825 1903 dillerentiiaconstitutas‚quatnoressemonstra·

120 1925 283 1995 bominem,
298 1941 362 1997 qus
373 1941 440 1981 cum
451 1941 520 1980 vers
529 1925 682 1997 precedat,
693 1922 868 1980 subalterne
879 1935 946 1992 par·
1001 1920 1631 1993 vimus.Sitigiiurprimaquidemalfirmatio
1641 1923 1822 1992 universalis,

121 2013 253 2070 tieularia
275 2014 416 2087 negativas
441 2013 554 2083 perlicit
569 2013 737 2068 veritatem:
757 2027 790 2067 ea
804 2026 872 2066 vero
892 2015 946 2078 est,
1002 2026 1067 2082 quc
1079 2016 1348 2082 proponatomnam
1359 2011 1508 2067 bominem
1521 2010 1702 2068 esseanimal
1716 2011 1825 2080 ;adver·

121 2103 242 2176 qnidam
254 2101 330 2175 lapis
355 2102 443 2159 bomo
458 2118 517 2158 nou
537 2107 592 2170 esi,
609 2118 672 2173 qua
696 2105 865 2173 comparata
881 2097 948 2153 uui·
1004 2114 1070 2155 sum
1082 2098 1690 2165 banccolloceturalllrmatiouniversalis¹
1702 2115 1824 2171 qrranon

122 2191 228 2248 versali
243 2190 391 2263 negationi
407 2207 472 2263 qus
487 2190 559 2246 dicit
583 2189 698 2245 nullum
719 2188 869 2244 homiuem
883 2199 949 2242 esse
1004 2187 1100 2244 solum
1111 2188 1260 2245 conversis
1277 2187 1410 2244 terminis
1424 2188 1604 2254 enuntietur,
1611 2205 1714 2244 verum
1731 2189 1761 2244 iu
1774 2204 1825 2244 uno

123 2278 262 2352 lapidem,
275 2281 408 2353 quamvis
419 2280 554 2336 terminis
566 2279 854 2351 discrepans‚tsmeu
865 2273 951 2330 simi·
1004 2293 1120 2349 qunque
1134 2277 1260 2333 termino
1286 2277 1454 2349 negativum
1471 2278 1641 2334 adverbium
1660 2277 1769 2334 babeat
1780 2277 1824 2334 ad·

125 2367 162 2424 lis
177 2369 298 2424 veritate
314 2371 497 2441 proponitur.
513 2367 606 2440 lgitur
621 2364 806 2438 particularis
821 2365 950 2436 negatio,
1003 2364 1305 2436 junctumbocmodo‚
1317 2383 1404 2423 omne
1416 2383 1474 2422 non
1486 2367 1593 2422 animal
1606 2382 1664 2423 non
1675 2366 1766 2422 bomo
1776 2370 1823 2423 est.

126 2473 191 2528 qua
206 2457 264 2514 sibl
279 2457 335 2530 ipsi
346 2456 473 2513 converti
489 2473 547 2512 non
563 2456 678 2527 poterit,
689 2452 847 2512 universali
860 2469 950 2525 nega·
1006 2455 1121 2511 Rursus
1134 2462 1313 2527 proponatur
1327 2456 1636 2527 universalisnegatio‚
1649 2472 1684 2511 ea
1694 2471 1762 2527 quaa
1776 2460 1824 2520 cst,

126 2545 200 2602 tioui
216 2562 268 2617 per
279 2546 416 2601 accidens
427 2545 556 2601 converti
568 2549 675 2616 potest.
692 2543 746 2599 Per
755 2543 891 2598 accidens
899 2558 951 2597 au·
1006 2543 1378 2612 nullnsbnmoanimalest;
1392 2542 1825 2602 buicadvsrsumtsneatlocum

127 2646 183 2691 tem
195 2635 303 2691 idcirco
314 2635 454 2706 quoniam
465 2633 639 2690 universalis
647 2630 763 2705 negatio
772 2632 802 2686 in
813 2646 844 2686 ea
855 2631 951 2703 ipsam
1007 2632 1182 2688 universalis
1195 2634 1311 2705 negatio
1320 2635 1457 2691 terminis
1468 2651 1534 2690 oum
1547 2635 1699 2705 negatione
1712 2650 1825 2690 conver·

128 2723 224 2795 priore
239 2724 301 2778 loeo
316 2720 445 2778 converti
462 2724 568 2792 potest.
584 2721 638 2776 Per
660 2717 880 2775 couversionem
898 2733 953 2772 au·
1007 2722 1060 2789 sis,
1070 2720 1099 2776 id
1111 2721 1225 2777 nullum
1243 2739 1301 2778 non
1324 2724 1432 2778 animal
1445 2740 1502 2777 noa
1522 2723 1607 2778 bomo
1626 2726 1683 2777 est.
1704 2724 1779 2778 item
1794 2722 1826 2778 sit

127 2817 186 2866 tem
202 2810 248 2865 sui
264 2825 330 2865 cum
348 2807 519 2882 particulari
535 2807 690 2881 negatione
705 2806 831 2862 similem
847 2808 953 2861 verita·
1008 2808 1825 2883 particularisailirmatinaimplex,quidambomoanimsl

127 2898 165 2954 tis
174 2899 290 2954 videtur
303 2900 435 2955 obtinere
450 2898 638 2953 sententiam.
656 2897 757 2966 ltaque
776 2893 952 2950 concluden·
1008 2902 1053 2952 est
1067 2915 1073 2964 ;
1086 2897 1154 2952 buia
1164 2901 1309 2954 terminus
1320 2905 1405 2968 atque
1415 2900 1577 2954 exadverso
1589 2900 1734 2954 celeratur
1745 2898 1827 2970 parti·

127 2988 198 3042 dum
214 2993 258 3042 est
269 2986 477 3059 particularem
499 3001 617 3058 qunque
639 2983 864 3041 alilrmationem
891 2982 954 3037 uni·
1009 2985 1118 3042 calaris
1129 2987 1296 3052 allirmslio,
1309 3004 1384 3059 qus.
1395 2987 1764 3044 commutatiainordiuem
1776 2992 1828 3043 ter·

126 3075 330 3148 vernalemque
346 3077 531 3148 negationem
547 3075 768 3129 conversionem
784 3071 952 3128 suifirmam
969 3122 991 3191 c
1011 3077 1110 3145 minis,
1128 3078 1296 3146 negationes
1312 3079 1444 3149 utrisque
1459 3084 1552 3150 gestet
1566 3077 1730 3150 oppositas,
1747 3080 1825 3134 utest

128 3180 161 3220 ao
171 3164 472 3221 stabilemeustndire.
483 3162 713 3219 lliilrmationem
727 3166 825 3218 autem
835 3161 953 3216 univer·
1010 3164 1153 3235 quoddam
1169 3181 1227 3219 non
1239 3163 1349 3220 animal
1366 3182 1423 3222 non
1438 3165 1525 3221 bomo
1540 3170 1595 3220 ast.
1612 3166 1684 3221 lteur
1696 3165 1737 3221 sit
1748 3163 1827 3238 parti·

128 3252 219 3307 salem
237 3252 502 3323 particularemque
515 3252 699 3322 negationem
714 3251 744 3304 in
759 3250 954 3306 convertendo
1010 3253 1118 3310 cularia
1134 3253 1256 3325 simplex
1279 3254 1394 3327 negatio
1417 3270 1480 3325 que
1505 3258 1648 3326 proponat
1672 3254 1824 3324 quemdam

131 3338 307 3396 ilrmasesae
323 3357 382 3396 non
398 3356 495 3412 posse,
513 3341 563 3395 sed
580 3339 655 3395 banc
667 3337 956 3411 alllrmationlparti·
1010 3342 1158 3398 hominem
1175 3342 1283 3397 animal
1301 3359 1358 3397 ηοη
1372 3342 1541 3412 esas;hanc
1555 3357 1590 3397 ex
1605 3343 1729 3397 adverso
1740 3342 1825 3414 respi-

131 3427 233 3495 culari,
242 3427 323 3484 illam
337 3428 495 3484 universali
507 3428 656 3500 negationi
669 3444 721 3500 per
733 3428 880 3497 accidens,
891 3443 956 3499 poa·
1010 3430 1690 3503 ciatparticularisnegatio‚qua‚parmutatisad
1699 3432 1825 3486 ordinem

131 3533 163 3573 se
178 3517 316 3572 converti.
335 3516 435 3572 Restat
451 3533 529 3571 nunc
541 3518 577 3572 da
591 3532 625 3571 ea
635 3516 870 3588 propositionum
886 3532 956 3571 eon·
1011 3520 1155 3586 terminis,
1171 3520 1339 3575 adverbium
1362 3519 1527 3591 negationis
1551 3518 1699 3588 adjecerit,
1721 3523 1755 3575 ut
1777 3523 1824 3583 est.

132 3603 331 3661 venientiavel
344 3604 566 3677 participatione
577 3603 729 3672 disserere,
744 3606 773 3659 in
789 3620 847 3675 qua
863 3605 956 3660 utrin-
1011 3608 1157 3679 quoddam
1172 3625 1230 3664 nou
1245 3608 1355 3665 animal
1371 3625 1428 3664 non
1445 3608 1532 3665 bomo
1544 3624 1602 3664 non
1617 3612 1672 3663 eat.

136 3711 194 3766 que
209 3694 402 3750 terminorum
412 3695 514 3750 ordine
531 3697 709 3766 permutato,
721 3693 771 3748 uni
785 3693 830 3749 val
840 3693 956 3764 utrique

131 3799 233 3839 eorum
249 3783 416 3854 negativum
431 3785 587 3854 copulatur
601 3781 782 3838 adverbium.
1197 3791 1343 3844 conversa
1365 3788 1497 3859 utrisque
1510 3786 1646 3843 infinitis.

461 3870 626 3943 Simplices.
1047 3877 1139 3933 Omne
1154 3893 1212 3933 nnn
1228 3877 1337 3933 animal
1353 3894 1411 3932 non
1427 3878 1515 3933 bomo
1530 3880 1584 3931 est.

167 3958 269 4017 Omnis
283 3961 372 4018 homo
387 3960 498 4016 animal
514 3966 570 4016 est.
1047 3965 1166 4022 Nullum
1183 3983 1242 4023 uon
1260 3966 1364 4023 animal
1381 3982 1439 4022 non
1456 3966 1543 4021 bomo
1558 3969 1612 4022 est.

166 4047 271 4105 Nullus
287 4050 373 4106 homo
389 4049 564 4106 animalest.
1047 4056 1200 4122 Quoddam
1218 4073 1274 4112 ηοη
1291 4055 1400 4113 animal
1417 4072 1473 4111 non
1488 4056 1576 4110 homo
1592 4058 1637 4110 est

166 4139 292 4206 Quidam
308 4138 396 4195 bomo
412 4138 521 4195 animai
534 4142 590 4194 est.
1047 4145 1198 4210 Quoddam
1214 4144 1324 4201 animal
1340 4161 1397 4201 nou
1414 4144 1498 4201 bomo
1514 4160 1571 4199 non
1587 4147 1642 4199 est.

167 4229 291 4295 Quidam
308 4229 395 4284 bomo
411 4226 520 4285 animal
537 4244 595 4284 non
607 4231 662 4284 eat.
1012 4232 1043 4289 ln
1059 4232 1119 4288 illis
1134 4235 1212 4289 euim
1228 4234 1385 4289 slllrmatlo
1400 4231 1574 4288 universalis
1590 4229 1830 4303 particularisque

130 4317 542 4390 sedquanquambujuamodi
551 4315 782 4388 participationis
787 4317 959 4388 pluresesse
1013 4324 1129 4392 negatio
1144 4323 1364 4378 conversionem
1375 4321 1508 4379 stabilem
1517 4338 1574 4378 non
1584 4321 1734 4376 tenebant.
1746 4320 1829 4376 sior·

131 4403 312 4460 differentias
325 4406 549 4472 noverimus‚ad
565 4406 790 4462 instructionem
803 4407 958 4462 tamouCa·
1013 4415 1103 4466 matio
1115 4417 1213 4466 autam
1230 4411 1416 4484 particularis
1431 4416 1517 4481 atique
1533 4408 1705 4465 universalis
1720 4408 1832 4482 negatio

131 4493 326 4564 tegoricorum
343 4494 588 4566 Syllogismorum
605 4497 640 4551 de
655 4495 833 4552 bacterium
849 4512 956 4570 propo·
970 4489 994 4554 ll
1009 4514 1154 4556 converse
1178 4502 1339 4557 certissime
1354 4502 1517 4556 tuebantur
1529 4499 1573 4555 vel
1589 4501 1618 4555 in
1643 4499 1777 4566 veritate,
1792 4498 1832 4553 rel

131 4581 226 4637 suisne
241 4582 958 4658 sullieiat,quarumquidempropositionumpars
1014 4588 1041 4643 in
1059 4589 1184 4645 l'slsitate
1208 4606 1397 4646 consensum.
1415 4590 1473 4644 Hic
1501 4604 1588 4643 omne
1603 4589 1753 4644 diversum
1781 4593 1833 4644 est.

131 4669 359 4741 exstruplicibus
368 4673 538 4727 nominibus
550 4678 674 4742 constat,
688 4689 756 4745 pars
765 4689 831 4729 vero
842 4689 876 4728 ex
887 4674 956 4728 inll-
1012 4676 1191 4734 Universalis
1202 4695 1327 4749 namque
1343 4678 1500 4734 aliirmatio
1511 4685 1539 4732 et
1551 4677 1736 4747 particularis
1747 4694 1835 4750 nega·

132 4759 214 4815 uitis.
235 4760 308 4816 Nam
325 4762 485 4833 propositio
513 4762 781 4833 universalisque
801 4766 846 4817 est
861 4764 957 4818 omnis
1011 4767 1836 4840 rioperoppositionamsibiipsaconvertitur‚universalis

132 4847 220 4904 bomo
235 4850 406 4916 animalem,
422 4849 873 4921 exutrisquenominibuslinitis
884 4866 956 4905 oon·
1010 4864 1109 4911 autern
1127 4858 1292 4928 negationis
1307 4863 1336 4913 at
1350 4855 1536 4927 particularis
1552 4854 1761 4911 affirmationis
1777 4872 1836 4912 nou

132 4940 200 4991 stat.
212 4936 345 5010 Namque
359 4944 390 4994 et
404 4938 492 4994 homo
508 4945 537 4992 et
551 4937 751 4994 animaltiuita
766 4938 956 4996 nominasses
1009 4949 1053 4999 ast
1068 4945 1103 4999 ad
1119 4945 1249 5001 veritatis
1264 4945 1437 5001 falsitatisve
1453 4959 1629 4999 consensum
1642 4944 1699 4997 lida
1713 4959 1838 4999 conver·

132 5026 321 5082 maail'sstum
338 5033 393 5083 est.
417 5028 457 5083 Ea
472 5041 539 5083 vero
554 5027 711 5082 al'llrmatio
732 5041 796 5096 quar
819 5027 956 5097 proponit
1008 5033 1062 5087 sio.
1074 5035 1250 5105 Asprianum
1268 5035 1304 5090 de
1315 5033 1471 5088 universali
1485 5032 1641 5086 nllirmatin
1659 5036 1837 5103 tractemus,

131 5131 218 5172 omne
233 5133 291 5172 nou
316 5119 426 5173 animal
443 5132 500 5172 uon
517 5117 667 5172 bominem
680 5131 745 5172 esse
770 5116 952 5174 infinitorum
1008 5136 1072 5191 quar
1088 5138 1153 5177 eum
1171 5124 1199 5177 in
1217 5121 1402 5194 simplicibus
1413 5138 1480 5177 vera
1496 5122 1545 5188 ait,
1558 5121 1707 5175 veritatem
1719 5137 1839 5191 quoque

129 5205 322 5263 terminorum
339 5208 484 5280 positione
501 5208 658 5277 conjuncta
681 5209 736 5261 cet.
756 5204 819 5261 Non
843 5207 953 5265 animal
1007 5213 1284 5282 peroppositlouem
1295 5229 1434 5268 conversa
1445 5211 1584 5277 custodit,
1598 5216 1674 5265 utea
1685 5226 1753 5280 quse
1765 5211 1840 5267 dicit

130 5293 208 5348 enim
224 5303 251 5350 et
268 5311 325 5350 uon
342 5296 430 5352 homo
441 5298 635 5354 nominaesse
646 5293 773 5362 inllulte,
785 5293 953 5354 innominis
1007 5315 1124 5355 omnam
1137 5301 1288 5357 bominem
1299 5301 1563 5368 esseanimal,vars
1576 5298 1839 5372 est‚atqueilliper

129 5382 304 5439 oiliinitione
320 5384 521 5454 prediximus,
531 5382 794 5457 quequidemsess
804 5386 840 5440 ad
850 5388 952 5443 verita·
1005 5388 1219 5460 oppositionem
1231 5390 1420 5457 convertitur,
1438 5392 1463 5442 io
1476 5394 1530 5453 eat,
1547 5404 1634 5444 omne
1649 5403 1706 5442 nou
1719 5388 1838 5445 animal

128 5470 168 5523 tia
181 5470 353 5527 talaitatisva
368 5473 511 5529 rationem
527 5473 569 5528 sic
585 5471 702 5538 babent,
718 5477 752 5526 ut
765 5471 843 5528 enlm
861 5491 950 5547 nega·
1005 5492 1063 5532 uon
1080 5476 1168 5533 bomo
1183 5482 1239 5542 est,
1252 5494 1315 5533 eam
1325 5493 1440 5549 quoque
1456 5492 1554 5532 veram
1565 5490 1629 5530 esse
1644 5488 1765 5531 neeesse
1776 5481 1837 5533 est.

128 5557 950 5636 tionibusadtunetisinlinitsnorniuasimplioibnsoppo-
1003 5563 1839 5637 Propositionissutembujasistasenteutisest‚quoniam

128 5646 550 5714 nuutur,itaatiamcnurersio
562 5649 798 5724 propositionum
804 5654 949 5711 contrario
1003 5655 1368 5728 nonestbnmo,quidquid
1380 5653 1488 5712 animal
1501 5654 1624 5721 nonest,
1635 5651 1835 5724 quadrarum
