3892 6126
128 230 199 287 lili

663 229 826 287 GlLBERTI
845 231 1017 288 PORRETAE
1037 231 1303 289 COMMENTARIA.

1765 235 1834 291 lesa

123 355 183 406 fleri
198 352 296 413 modis,
312 353 335 404 sl
350 367 445 405 verum
464 360 545 416 esset,
561 354 718 421 contingere
747 355 955 421 deberet‚juxts
971 357 1067 424 Abel.
1083 363 1205 409 mortuos
1220 358 1375 408 sciscitabal.
1391 357 1459 406 Dum
1489 370 1552 406 vero
1582 372 1597 407 a
1629 372 1678 409 suo
1707 359 1838 425 discipulo

124 425 234 477 illoram
252 438 313 490 quse
330 439 392 476 vere
406 426 568 489 permisceri,
585 430 632 476 eat
645 425 674 476 in
703 440 731 477 se
759 426 889 476 confundi
912 442 956 477 so-

123 497 184 548 lent
199 497 342 558 rationem,
358 496 459 547 divisit.
475 499 552 549 Nunc
571 511 604 547 so
619 497 714 548 ordine
730 513 785 562 quo
811 499 906 548 modos
925 499 958 548 il·

124 568 168 619 Ιοε
184 567 390 626 enumeraverit,
407 569 529 618 adiriua
544 573 571 619 et
584 569 703 619 humane
723 574 828 626 natura,
845 582 906 633 quse
930 570 957 617 iu

123 642 232 692 christo
248 655 312 690 vere
328 644 358 690 et
373 639 489 704 perfecte
507 644 579 696 sunt,
610 642 723 691 diversis
751 642 902 691 rationibus
920 654 958 689 rc·

123 714 221 763 movit.
238 712 319 771 Quasi
336 726 343 761 τ
363 712 389 761 Si
414 725 469 761 uon
497 710 646 774 permensit
673 711 701 761 in
717 713 821 762 Christo
836 711 958 775 perfecte

124 781 412 847 humensdivinaqae
428 788 536 840 natura,
553 789 600 833 aut
626 784 753 834 divinitae
781 784 808 833 in
835 783 958 832 humani-

123 858 219 911 tatem,
234 858 284 904 etc.
302 853 353 903 Sed
369 855 391 902 si
405 852 534 904 divinitas
549 855 680 904 translate
694 859 733 905 εει
754 853 782 903 in
806 855 956 903 humanita-

122 928 195 987 tem,
211 925 263 975 hoc
278 930 320 975 est
334 926 499 986 siChristus,
518 930 663 989 antequam
690 926 723 976 de
753 927 836 976 llaris
859 939 957 989 corpus

123 1001 286 1054 assumeret,
297 1001 355 1046 erat
370 998 428 1047 sine
443 998 520 1047 initio
535 997 614 1056 Deus,
631 997 741 1061 quando
758 996 875 1047 surrexit
890 1010 954 1046 con-

122 1070 253 1119 versione
270 1067 465 1118 divinitatisin
494 1073 618 1118 naturam
648 1070 775 1132 corporis,
792 1070 871 1118 desiit
898 1082 955 1117 esse

121 1139 426 1198 Dens,factumsstlu
447 1138 493 1190 illa
521 1141 699 1190 translatione
729 1140 855 1205 quiddam
882 1140 953 1203 quod

123 1212 203 1263 credi
218 1211 295 1261 nefas
310 1215 361 1270 est,
376 1215 406 1261 ut
417 1211 543 1262 videlicet
558 1210 735 1269 humanitate,
756 1213 807 1263 hoc
837 1216 878 1262 est
906 1210 953 1259 hu·

121 1296 207 1335 anana
222 1289 319 1334 nature
333 1287 510 1349 permanente
538 1284 566 1334 in
598 1284 748 1334 substantie
778 1279 952 1334 immutabiti.

122 1355 265 1413 divinitas,
282 1357 334 1407 boc
361 1362 402 1406 est
430 1355 523 1407 divina
550 1357 669 1407 essentia
695 1361 855 1413 verteretur,
880 1353 952 1419 quod

122 1440 207 1493 queas
223 1428 369 1479 absurdum
386 1427 421 1478 sit
435 1433 461 1479 et
474 1429 571 1479 rationi
583 1429 757 1485 contrarium,
773 1428 891 1478 declaret
915 1428 952 1478 di·

121 1514 192 1551 cene
208 1517 215 1551 ι
231 1505 258 1552 ει
272 1501 343 1564 quod
360 1502 495 1558 existeret,
509 1501 560 1551 hoc
575 1504 617 1550 est
630 1501 744 1550 existere
769 1501 888 1559 deberet,
905 1516 950 1550 na·

121 1574 249 1624 turaliter
272 1573 400 1637 passibile
425 1575 504 1636 atque
532 1573 670 1634 mutabile,
700 1572 817 1636 idipsum
846 1578 950 1624 remoto

122 1645 201 1695 amai
217 1645 365 1709 sophistico
380 1645 447 1703 loeo,
472 1648 534 1695 actu
562 1659 601 1695 rei
631 1649 800 1708 permaneret
824 1645 949 1696 immuta.

1012 429 1177 488 tradebatur,
1194 428 1353 480 aministris
1368 428 1521 492 principum
1551 429 1703 490 tenebatur,
1732 434 1837 494 aprlu-

1011 501 1311 566 cipibusjudicabatur,
1328 500 1400 550 inter
1430 500 1550 548 latrones
1580 502 1762 559 occidebatur,
1783 505 1837 556 fers

1012 572 1192 623 nihildiriuas
1221 577 1285 622 tsiuc
1313 573 1452 635 potestatis
1482 571 1638 631 ostendeus,
1657 574 1702 621 sed
1732 579 1837 626 tantum

1011 640 1131 707 illaqaes
1165 649 1264 694 nostra
1294 649 1358 692 sirut
1386 642 1549 691 iulirmitolis
1581 644 1730 709 sustineus,
1760 648 1836 710 quasi

1011 718 1084 763 totus
1110 714 1252 764 videbatur
1281 714 1370 764 homo.
1399 715 1465 763 Cum
1495 717 1583 761 aulem
1619 728 1764 774 resurgens
1803 733 1835 768 ει

1010 786 1132 845 mortuis,
1148 786 1204 850 jam
1220 800 1275 835 non
1290 787 1412 842 moritur,
1429 798 1480 833 uec
1497 798 1569 833 nrors
1586 784 1623 833 illi
1647 785 1716 834 ultra
1746 787 1834 836 domi·

1010 857 1127 910 nabitur.
1144 858 1284 907 abstinens
1298 872 1313 907 a
1325 857 1395 914 cibo,
1411 861 1491 920 atque
1519 857 1665 905 cermedens
1693 858 1751 906 siue
1772 872 1834 908 esu·

1010 928 1168 989 rie,clauso
1191 930 1283 978 exiens
1311 930 1443 993 sepulcro,
1472 927 1569 976 clausis
1599 928 1689 989 januis
1718 927 1832 991 intrans,

1010 1005 1095 1050 totum
1113 1001 1184 1063 quod
1200 1000 1274 1057 vivit,
1292 1002 1345 1050 Deo
1363 1001 1464 1055 vivens,
1493 999 1559 1047 nihil
1588 1013 1757 1063 eorumquae
1782 1015 1831 1050 no·

1010 1078 1072 1121 strae
1087 1071 1248 1121 iutlrmitstis
1265 1076 1336 1129 suot,
1355 1072 1401 1119 sed
1417 1075 1521 1119 teritum
1546 1084 1578 1118 ea
1605 1083 1665 1133 quas
1687 1076 1750 1120 sisui
1763 1071 1831 1122 divi·

1010 1155 1051 1191 uae
1068 1141 1269 1207 glorificationis
1297 1143 1452 1199 ostendeus,
1484 1140 1559 1204 quasi
1591 1146 1663 1191 lotus
1692 1147 1732 1192 est
1751 1145 1830 1199 deris,

1008 1216 1054 1278 qui
1072 1219 1163 1265 ιιιιιειι
1180 1214 1304 1265 humanm
1330 1213 1512 1264 subsistensias
1544 1216 1655 1264 veritate
1683 1230 1765 1265 verus
1792 1223 1832 1269 εει

1007 1285 1097 1344 homo,
1115 1290 1140 1335 ει
1153 1287 1265 1335 veritate
1281 1285 1379 1336 divinas
1404 1285 1537 1343 esseutiae,
1553 1300 1634 1334 verus
1661 1287 1740 1336 Deus.
1769 1287 1830 1337 Non

1007 1357 1089 1423 igitur
1104 1356 1242 1408 Athanasii
1258 1371 1307 1406 eeu
1320 1355 1412 1405 llilarii
1427 1357 1509 1406 verbe
1524 1370 1555 1405 eo
1571 1371 1649 1406 sensu
1671 1356 1830 1421 accipienda

1006 1433 1080 1488 sunt,
1103 1433 1133 1478 ut
1160 1427 1328 1492 intelligatur
1352 1426 1472 1476 Christus
1502 1426 1637 1490 predictis
1662 1429 1830 1492 temporibus

1006 1499 1111 1551 essendi
1126 1500 1198 1549 vices
1216 1499 1243 1547 iu
1273 1512 1301 1548 se
1330 1498 1486 1557 alternasse,
1513 1500 1558 1547 εει
1588 1498 1741 1549 alterutrius
1764 1499 1829 1549 eub-

1004 1572 1110 1621 staatise
1132 1569 1343 1634 proprietatibus
1371 1568 1443 1633 quod
1472 1573 1529 1618 eret
1561 1569 1706 1618 exeruisse.
1735 1569 1827 1633 Itaque

1004 1642 1129 1708 quamvis
1148 1643 1266 1692 humana
1280 1646 1376 1691 natura
1392 1643 1419 1690 in
1432 1641 1517 1691 Deum
1547 1645 1684 1705 assumpte
1712 1643 1753 1699 sit,
1770 1656 1826 1692 aaa

121 1714 410 1779 hile3idveroquod
428 1719 500 1766 recte
519 1715 636 1766 ereditur
664 1715 823 1766 naturaliter
851 1716 1093 1791 imma-Biemen
1110 1720 1149 1762 εει
1164 1714 1191 1762 iu
1207 1712 1375 1763 divinitatem
1390 1726 1529 1762 conversa.
1560 1712 1615 1761 lloc
1643 1726 1715 1768 vero.
1733 1713 1826 1762 ritali-

122 1786 207 1837 tahils
223 1790 304 1851 alque
319 1786 484 1850 impassibile
500 1790 650 1838 verteretur
664 1787 691 1837 ia
707 1801 762 1838 rem
785 1790 948 1839 mutabilem.

121 1855 287 1922 Eccigitur,
314 1858 341 1907 in
367 1857 419 1907 hoc
450 1861 549 1916 eutem,
579 1864 610 1908 ut
639 1858 762 1909 videlicet
782 1859 948 1910 immutabile

120 1925 173 1977 flat
190 1928 329 1981 mutabile.
343 1933 370 1977 st
384 1928 513 1978 mutabile
535 1928 581 1978 flat
604 1927 781 1988 immutabile,
798 1931 873 1980 nulla
897 1933 948 1983 nisi

119 1997 195 2049 farte
206 1998 354 2062 sophistica
367 2001 473 2050 ratione
489 2001 629 2064 contingit.

154 2070 208 2121 Sed
220 2070 343 2133 hemona,
356 2071 417 2138 etc]
445 2071 522 2131 Quod
550 2072 677 2123 diviuitas
705 2072 947 2126 inhumanitatem

118 2141 264 2193 transferri
282 2157 336 2192 nou
353 2145 448 2206 potuit,
464 2144 600 2203 ostendit;
613 2158 685 2193 nunc
699 2145 770 2208 quod
788 2160 837 2195 nec
852 2146 945 2197 huma·

119 2214 402 2272 hitasindivitatem,
430 2215 583 2276 ingreditur
611 2217 805 2269 demonstrare.
836 2219 916 2278 Quasi
939 2234 946 2269 t

119 2284 257 2335 Divinitas
272 2285 300 2336 in
317 2287 508 2337 humanitatem
523 2302 577 2338 non
593 2294 633 2338 est
665 2290 804 2341 translata.
819 2291 871 2342 Sed
896 2293 948 2344 hu·

120 2358 363 2407 manenatursin
387 2356 557 2407 divinitatem
586 2372 645 2408 sese
672 2373 803 2410 conversa
832 2363 947 2416 forsitan

119 2427 259 2490 videatur,
273 2426 299 2477 id
316 2432 357 2477 εει
372 2429 456 2478 videri
473 2433 561 2493 potest
573 2443 606 2478 ex
622 2430 711 2480 verbis
735 2432 884 2492 Athanasii,
900 2437 946 2500 qui

118 2510 185 2549 cum
197 2498 307 2549 dixisset
321 2499 354 2549 ds
371 2500 475 2550 Christo
490 2500 571 2564 quod,
587 2500 650 2550 licet
665 2502 734 2551 Deus
759 2504 794 2553 sit
815 2509 841 2554 et
855 2505 945 2564 homo,

118 2582 179 2620 non
194 2570 249 2620 duo
265 2574 363 2631 tamen,
379 2571 425 2621 sed
442 2585 513 2622 unus
543 2576 584 2621 est
610 2573 741 2632 Christus,
760 2580 786 2625 et
800 2578 947 2641 explanans

118 2641 240 2708 qualiter
253 2657 324 2693 uuus
340 2644 507 2708 subjecisset,
535 2658 605 2695 anus
634 2651 723 2695 eutem
752 2661 807 2698 non
833 2665 946 2701 conver·

118 2715 199 2763 alone
214 2713 365 2765 divinitatis
378 2717 406 2765 in
420 2729 538 2772 carnem,
554 2716 666 2776 addidit,
694 2719 740 2768 sed
763 2723 945 2785 assumptione

117 2784 299 2836 humanitatis
328 2787 356 2837 in
387 2786 483 2838 Deum.
513 2787 652 2851 Tanquam
692 2791 787 2840 rolens
821 2791 946 2858 intelligi,

117 2855 337 2921 quoddlvinltae
363 2857 473 2923 quidem
502 2860 530 2908 la
558 2857 663 2910 Christo
692 2861 762 2913 sicut
791 2870 859 2926 erat,
888 2867 945 2915 siue

117 2927 201 2978 initio
215 2931 345 2980 manserit
359 2944 366 2990 ;
381 2930 534 2980 humanitas
553 2945 616 2982 vero
644 2933 673 2982 ln
701 2933 870 2987 divinitatem
892 2937 945 2986 sal·

116 3004 176 3050 tem
205 3008 266 3065 post
292 3005 515 3054 resurrectionem
540 3018 670 3055 conversa
696 3008 739 3057 sit.
768 3010 851 3068 Quem
886 3025 944 3061 eeu·

116 3072 353 3125 sumconllrmare
370 3076 497 3126 videntur
514 3076 593 3126 etiam
621 3076 715 3127 Hilarii
744 3082 825 3130 rerba
853 3081 980 3158 diaeo-c

116 3144 389 3197 tiatcbristueante
419 3147 573 3209 passionem
600 3150 699 3212 partim
727 3150 817 3209 homo,
845 3161 943 3215 parlim

115 3216 200 3273 Deus,
218 3216 247 3266 in
262 3218 386 3279 passione
413 3222 487 3269 totus
514 3218 604 3279 bomo,
633 3224 694 3282 post
721 3225 944 3275 resurrectionem

114 3290 420 3341 totastus.Undset
450 3294 477 3340 in
503 3293 651 3343 Germanias
682 3294 813 3359 partibus,
835 3299 945 3361 quidam

115 3360 214 3410 volens
229 3367 350 3413 astruere
367 3364 439 3427 quod
456 3376 511 3413 non
528 3363 608 3414 modo
620 3364 728 3422 Christi,
744 3381 837 3418 verum
862 3369 944 3421 etiem

117 3433 241 3481 emulum
258 3433 448 3485 salvandorum
463 3437 583 3485 bumana
597 3438 787 3496 substantias
810 3443 863 3491 Deo
885 3448 946 3505 post

117 3504 344 3554 resurrectionem
359 3505 488 3556 desinens
516 3521 574 3556 esse
602 3508 730 3566 humens,
760 3510 805 3561 flet
833 3514 945 3567 divine:

117 3577 151 3624 at
167 3574 238 3623 sicut
250 3574 320 3625 Deus
338 3576 437 3640 ubique
452 3580 525 3627 totas
540 3581 588 3636 est,
606 3579 644 3628 ita
667 3593 774 3645 quoque
803 3585 947 3649 unusquis·

118 3645 447 3712 qaebeatorumubique
475 3653 547 3698 totus
575 3651 619 3710 ειι,
648 3650 719 3702 ιιιει
747 3652 832 3704 mults
862 3671 945 3710 sacrae

117 3715 269 3781 scripture
283 3719 366 3769 serbe
381 3721 478 3783 quibus
494 3721 567 3771 hunc
582 3736 698 3773 errorem
723 3739 801 3776 suum
824 3734 945 3780 astruere

116 3801 200 3854 posse
226 3789 277 3839 eibi
304 3789 391 3842 visum
420 3796 471 3852 est,
500 3794 629 3855 praedicta
656 3795 794 3847 Athanasii
822 3801 944 3851 rerbaiu

116 3860 242 3925 ejusdem
257 3865 394 3925 opinionis
409 3871 596 3929 argumentum
622 3868 742 3920 adduxit.
766 3872 816 3922 Hic
845 3878 945 3934 tamen,

116 3933 140 3982 si
157 3933 259 3996 proprii
278 3936 451 3986 nominissui
480 3937 557 3987 titulo
588 3938 705 3990 haretici
734 3944 875 4006 quaesisset
897 3946 946 3997 ho·

116 4016 224 4061 norem,
240 4006 426 4057 ecclesiasticae
457 4010 626 4059 auctoritatis
654 4015 789 4063 sententia
813 4016 870 4066 lieri
886 4032 946 4081 pos·

115 4079 159 4125 εει
174 4073 289 4138 insignis
305 4090 310 4125 :
327 4078 373 4127 ssd
386 4077 450 4142 quia
463 4080 544 4129 lecito
560 4083 670 4133 nomiae
694 4098 743 4135 suo
765 4086 875 4137 haeresis
901 4104 946 4138 uo·

114 4158 159 4196 vas
173 4147 277 4197 zizania
292 4162 423 4211 generoso
439 4150 536 4199 semini
552 4153 627 4202 verbi
646 4153 730 4205 divini
757 4159 878 4208 occultus
905 4174 944 4209 sa·

115 4220 171 4276 tor,
189 4232 243 4268 non
259 4222 314 4269 ιειιι
331 4220 431 4270 Ιιιιειιε
446 4235 526 4285 quam
543 4222 632 4273 lituris
649 4227 750 4290 injecit.
765 4229 820 4292 ipse
837 4231 944 4292 quidem

114 4288 394 4353 ignotusbomiuibue
412 4291 602 4358 indemnisque
629 4298 760 4347 manebit.
788 4300 876 4349 Verba
903 4315 946 4351 re·

115 4360 427 4422 redtheuasii,uoneo
458 4377 511 4428 quo
539 4365 620 4428 hujus
648 4370 745 4417 erroris
773 4375 867 4420 auctor
889 4372 946 4422 vult

114 4431 230 4495 intelligi
246 4447 335 4491 sensu,
350 4435 507 4499 accipienda
521 4442 585 4487 suut
602 4453 609 4487 τ
624 4453 684 4489 cum
713 4439 784 4491 enim
807 4443 847 4491 vir
868 4457 941 4493 sene

114 4502 179 4552 lldei
190 4503 309 4563 dixisset,
328 4519 383 4555 aaa
399 4509 575 4559 conversione
599 4509 746 4561 divinitatis
770 4512 798 4562 ln
822 4527 940 4572 carnem,

114 4574 229 4627 minime
245 4578 395 4642 subjunxit,
410 4580 457 4630 sed
473 4584 659 4642 conversione,
687 4585 741 4635 imo
766 4586 811 4637 sed
836 4600 942 4636 essum-

113 4649 442 4713 ptionehurnanitatiein
459 4653 551 4703 deum.
569 4654 667 4721 Utique
696 4670 758 4708 vere
787 4663 867 4723 atque
896 4662 942 4709 eir·

112 4724 268 4784 cumspects
283 4735 290 4771 :
303 4721 445 4773 conversio
461 4738 578 4789 nemque
594 4728 715 4778 demutat
739 4728 917 4780 substantiam
933 4747 940 4793 ;

115 4790 268 4855 assumptio
284 4807 348 4844 vero
363 4808 417 4844 noa
434 4795 563 4846 demutat.
587 4798 638 4848 Sed
665 4805 705 4849 est
725 4799 872 4862 assumptio
898 4802 941 4852 de-

110 4862 366 4927 lecti,utvidelicet
394 4866 466 4931 quod
494 4867 615 4919 vilicavit
638 4869 765 4936 dejectio,
793 4872 939 4937 gloriosum

114 4932 211 4984 reddat
223 4938 381 5001 assumptio.
398 4938 536 5003 sicigitur
551 4939 670 4991 huruuua
693 4940 720 4991 iu
736 4943 844 4994 Christo
865 4952 940 4997 uatu-

113 5010 231 5056 rarecte
259 5007 419 5073 intelligitur
447 5025 501 5060 nou
532 5017 670 5073 assumpte
689 5017 875 5076 conversione,
891 5020 938 5070 sed

113 5082 255 5141 assumpta
269 5080 465 5141 glorificatione
480 5083 507 5131 iu
523 5084 616 5132 Deum.
632 5086 786 5135 Secundum
802 5087 872 5138 banc
896 5105 939 5140 ra·

112 5147 217 5199 tionem
232 5151 278 5201 illa
292 5166 352 5217 quse
365 5154 445 5204 modo
471 5155 741 5208 commemoravimus
768 5157 860 5210 llilarii
877 5176 938 5214 ver·

111 5219 491 5287 haintelligendavideutur.
509 5226 559 5286 Qui
584 5229 655 5277 euim
683 5234 709 5279 et
736 5237 882 5295 autequam
909 5236 937 5285 in

111 5299 394 5358 cracspateretur,et
421 5296 484 5349 dum
512 5304 657 5362 pateretur,
676 5306 703 5350 et
728 5301 761 5351 ds
780 5309 866 5353 morte
895 5320 938 5356 su·

110 5361 224 5412 scitatus
239 5377 301 5414 vere
319 5367 388 5416 Deus
403 5368 525 5418 ethome
554 5375 610 5421 erat
637 5375 664 5420 et
691 5375 740 5433 est,
756 5378 817 5423 ante
832 5373 937 5436 passio-

111 5444 176 5482 nem
192 5435 289 5496 partlm
303 5437 393 5496 homo,
419 5442 515 5502 partim
541 5441 621 5504 Deus,
643 5442 726 5492 fuisse
750 5443 857 5503 dieitur,
872 5448 937 5510 quia

110 5504 220 5555 tuncet
242 5506 361 5558 humana
389 5518 470 5573 prout
497 5512 603 5563 volebat
629 5514 783 5564 infirmitate
808 5515 936 5579 jejunans

112 5574 261 5633 esuriebat,
290 5581 432 5631 ambulans
458 5582 614 5640 lassabatur,
644 5590 669 5634 ει
700 5585 855 5649 hujusmodi
876 5589 936 5638 aliis

112 5648 215 5697 nostras
238 5650 407 5702 necessitatis
433 5654 634 5706 infirmitatibus
656 5671 718 5707 vers
747 5659 893 5718 laborabat,
909 5665 935 5711 ει

114 5716 209 5769 divine
224 5726 305 5783 prout
331 5726 508 5776 conveniebat
534 5730 666 5791 potestate
695 5729 877 5782 mercenarios
901 5732 934 5783 ιε

114 5787 220 5850 templo
234 5790 367 5855 eliciebat,
397 5794 516 5849 lullrmos
542 5798 664 5861 sanabat,
688 5806 796 5865 peccata
819 5803 934 5857 dimitte·

1001 1801 1055 1851 quo
1070 1789 1192 1850 tempore
1207 1786 1241 1834 sit
1266 1786 1294 1834 iu
1318 1785 1486 1834 divinitatem
1508 1797 1647 1841 conversa,
1671 1783 1726 1847 qui,
1744 1785 1824 1835 idest

1001 1857 1206 1923 quomodolleri
1224 1856 1458 1919 poteet‘lQuasi:
1489 1855 1569 1904 Nullo
1602 1855 1691 1905 niodo.
1720 1855 1752 1905 Et
1773 1856 1824 1905 hoc

1001 1930 1093 1980 solens
1108 1928 1258 1984 ostendere,
1274 1931 1365 1989 partes
1380 1926 1506 1983 hominis,
1529 1941 1595 1990 quas
1617 1927 1824 1981 (decidaseam

1000 2000 1182 2056 ierotheum,
1199 1999 1353 2061 assumpsit,
1372 2001 1511 2047 enumerat
1526 2013 1532 2055 ;
1546 2003 1572 2047 ει
1595 1998 1667 2060 quod
1684 2000 1710 2047 in
1727 2000 1824 2047 diviui-

1000 2077 1080 2123 tatem
1096 2072 1217 2121 converti
1231 2085 1284 2119 uon
1301 2075 1455 2134 potueruut,
1473 2071 1647 2120 demonstrat.
1674 2072 1716 2120 so
1734 2084 1798 2130 crgo
1816 2082 1822 2118 :

1000 2142 1140 2203 Divinitas,
1156 2143 1206 2191 hoc
1223 2144 1263 2191 est
1276 2141 1347 2189 Deus
1362 2139 1445 2189 Filius
1463 2141 1516 2197 ilci,
1540 2139 1664 2189 Christus
1688 2139 1821 2201 videlieet,

1000 2215 1028 2265 iu
1045 2229 1077 2265 ea
1094 2229 1147 2278 qua
1176 2214 1233 2275 ipse
1262 2212 1348 2262 factus
1378 2216 1419 2261 εει
1446 2211 1535 2272 licum,
1562 2212 1736 2274 generatione
1763 2226 1821 2273 ersa,

1000 2287 1104 2340 scilicet
1118 2292 1145 2335 et
1160 2287 1314 2345 humanam,
1330 2285 1382 2334 hoc
1397 2289 1437 2333 est
1467 2284 1626 2334 rationalem
1658 2286 1775 2334 animam
1796 2291 1822 2335 et

999 2376 1097 2427 corpus
1113 2361 1239 2423 suscepit.
1255 2357 1508 2422 Suppletouorunr
1538 2363 1663 2407 neistrum
1695 2359 1722 2408 in
1753 2359 1822 2408 divi·

1000 2429 1378 2496 nitatempotuitverti.hltsi
1408 2432 1479 2479 enim
1512 2430 1594 2478 resin
1624 2444 1678 2478 rem
1698 2431 1763 2479 verti
1790 2444 1821 2479 ac

999 2502 1174 2555 transmutari
1203 2505 1301 2567 potest,
1328 2515 1384 2551 nou
1409 2507 1497 2551 tamea
1532 2502 1618 2550 omnis
1648 2500 1675 2549 iu
1704 2516 1821 2551 ornnem.

999 2577 1062 2634 Quae
1079 2579 1221 2630 autemst
1248 2575 1275 2622 in
1301 2586 1390 2635 quam,
1420 2578 1445 2622 ct
1470 2586 1553 2636 quare
1582 2573 1667 2634 possit
1694 2577 1740 2622 aut
1767 2587 1822 2624 uon

998 2649 1092 2712 possit,
1108 2647 1223 2709 primum
1248 2646 1388 2701 divisione,
1417 2645 1480 2693 dein
1506 2643 1636 2706 exemplis
1666 2645 1761 2706 aperit,
1783 2646 1821 2694 di·

998 2732 1085 2768 cens:
1110 2720 1175 2768 Nam
1203 2730 1262 2765 cum
1292 2716 1350 2764 alise
1382 2715 1591 2764 substantiarum
1619 2714 1820 2764 sirhsisteutium

999 2790 1055 2840 siut
1069 2780 1213 2854 corporea.
1230 2788 1288 2837 alios
1304 2786 1481 2849 incorporeas,
1512 2785 1673 2849 generaliter
1698 2786 1819 2847 dicimus,

997 2863 1069 2926 quod
1086 2872 1315 2925 nequecorporea
1341 2860 1367 2907 in
1392 2857 1589 2920 incorpoream,
1615 2869 1702 2919 neque
1731 2858 1821 2906 iucar-

997 2934 1194 2998 porealneam
1222 2944 1282 2995 quse
1314 2933 1355 2979 est
1378 2942 1485 2992 corpus,
1515 2928 1612 2977 mutari
1643 2931 1740 2991 potest.
1769 2930 1821 2977 Nec

998 3018 1061 3055 roro
1077 3004 1123 3053 illa
1138 3016 1198 3067 quse
1213 3005 1277 3051 sunt
1292 3002 1460 3063 incorporea,
1477 2998 1624 3047 mutantia
1647 3012 1675 3047 se
1705 2999 1819 3048 invicem

999 3076 1188 3138 proprias,sire
1205 3070 1403 3126 substantiales,
1429 3070 1484 3119 slve
1510 3068 1687 3118 accidentales
1710 3069 1819 3119 formas.

1000 3147 1077 3197 Vere.
1106 3146 1167 3196 Sole
1194 3146 1266 3194 enim
1295 3142 1340 3193 illa
1370 3141 1467 3191 mutari
1495 3139 1745 3205 transformarique,
1771 3142 1821 3191 hoc

997 3223 1038 3269 est
1065 3216 1300 3269 transformatione
1345 3211 1453 3269 mutari,
1479 3212 1522 3263 vel
1556 3213 1703 3262 mutatione
1731 3216 1821 3262 trans·

996 3291 1106 3341 formari
1121 3291 1150 3339 iu
1165 3303 1193 3339 se
1209 3289 1324 3338 invicem
1340 3288 1461 3350 possunt,
1477 3298 1537 3348 ques
1558 3285 1658 3333 habent
1680 3298 1820 3335 commuue

997 3360 1307 3427 subjectumuniuerei,
1324 3357 1424 3408 scilicet
1454 3355 1582 3407 materies.
1612 3357 1715 3414 Quasi:
1744 3357 1819 3415 Quod

997 3448 1051 3484 aon
1068 3431 1363 3494 habeutincorporalia
1383 3443 1442 3478 eum
1475 3428 1660 3491 corporalibus
1686 3442 1737 3478 nee
1764 3443 1820 3478 cor-

997 3507 1233 3571 poraliainterse.
1258 3504 1332 3553 Sicut
1362 3502 1435 3552 cuim
1464 3501 1641 3562 praedicturus
1669 3505 1717 3558 est,
1743 3500 1819 3551 nullo

997 3578 1117 3629 materiae
1132 3579 1227 3627 nititur
1242 3576 1419 3625 fundamento
1448 3574 1668 3635 incorporeorum
1697 3581 1792 3622 rretrrra
1811 3587 1817 3622 :

996 3651 1053 3701 sola
1067 3656 1155 3700 autem
1169 3654 1196 3698 et
1207 3649 1297 3698 ouiuia
1308 3659 1420 3710 corpora
1437 3645 1538 3694 hebent
1553 3648 1656 3693 naturae
1678 3658 1733 3693 suas
1753 3645 1817 3693 sub-

995 3722 1091 3788 jectam
1120 3721 1267 3777 materiam,
1297 3719 1411 3779 ideoque
1441 3729 1497 3765 non
1523 3715 1574 3764 nisi
1605 3715 1761 3778 corporain
1792 3730 1821 3765 se

997 3793 1095 3845 mutari
1110 3797 1233 3857 possunt.
1248 3790 1407 3841 Nec‘tamen
1424 3788 1481 3838 baec
1512 3789 1612 3846 omnia,
1631 3788 1676 3836 sed
1706 3803 1736 3837 ea
1761 3791 1822 3837 tan·

998 3872 1053 3918 tum
1067 3880 1127 3930 quse
1142 3865 1169 3914 in
1188 3880 1216 3914 se
1231 3876 1286 3912 non
1302 3861 1381 3911 maida
1398 3860 1495 3916 facere,
1511 3859 1555 3908 vel
1570 3860 1635 3921 pati,
1653 3859 1698 3909 sed
1730 3862 1756 3909 et
1782 3859 1821 3909 fa·

998 3954 1057 3990 cere
1073 3944 1100 3989 et
1114 3937 1168 4002 pati
1184 3939 1306 4001 possunt,
1324 3933 1350 3983 id
1367 3946 1440 3990 vero,
1459 3931 1532 3994 quod
1560 3932 1661 3980 scilicet
1687 3945 1741 3981 uon
1766 3945 1821 3981 om·

997 4012 1042 4060 nia
1057 4026 1117 4074 quae
1133 4011 1214 4059 unius
1228 4004 1348 4057 materias
1372 4003 1473 4052 habeut
1499 4016 1641 4051 commune
1661 4002 1822 4065 subjectum,

997 4084 1042 4133 sed
1059 4089 1085 4132 et
1097 4098 1130 4132 ea
1144 4095 1204 4145 qum
1220 4084 1248 4129 et
1262 4079 1348 4127 faeere
1366 4079 1392 4123 et
1404 4075 1466 4137 peti,
1483 4078 1509 4123 et
1531 4088 1584 4122 nisu
1616 4074 1674 4123 dico
1701 4076 1728 4122 iu
1751 4088 1822 4138 quse·

997 4155 1063 4205 libet
1078 4154 1137 4209 alia,
1151 4153 1197 4202 sed
1216 4153 1241 4200 in
1256 4165 1284 4199 se
1308 4147 1424 4198 invicem
1443 4149 1566 4208 possunt,
1592 4145 1751 4207 probabitur
1770 4146 1821 4193 lioc

997 4227 1086 4281 modo,
1103 4225 1129 4273 id
1146 4227 1186 4272 εει
1200 4222 1242 4270 his
1257 4234 1316 4285 quae
1332 4221 1482 4278 sequuntur
1497 4216 1635 4276 exemplis.

1028 4292 1220 4360 limonario]
1234 4291 1315 4351 Quasi
1331 4304 1337 4337 :
1353 4287 1423 4335 Vero
1438 4300 1493 4334 non
1508 4287 1607 4339 omnia,
1618 4289 1668 4333 etc.
1685 4285 1733 4333 ιιιι
1746 4286 1818 4336 enlm

997 4369 1154 4429 noupotest
1181 4370 1285 4413 naturas
1309 4355 1505 4409 cousuetudine
1533 4356 1679 4418 permutari
1697 4356 1723 4403 iu
1751 4355 1820 4419 lapi-

998 4438 1069 4496 dem,
1083 4435 1206 4500 quamvis
1221 4434 1290 4496 lapis
1306 4432 1332 4479 io
1351 4444 1388 4479 ιεε
1412 4428 1508 4477 mutari
1534 4426 1626 4490 possit.
1655 4428 1732 4490 Lapis
1747 4442 1819 4478 nani·

997 4521 1049 4572 quc
1065 4508 1121 4572 pati
1136 4509 1231 4570 potest,
1247 4517 1301 4553 uon
1317 4506 1407 4552 tamen
1435 4512 1487 4548 esre
1512 4497 1638 4555 faciente,
1663 4499 1707 4547 εει
1732 4497 1818 4562 igue:

996 4581 1064 4644 lapis
1082 4579 1152 4628 euim
1167 4577 1272 4626 solutus
1287 4574 1373 4624 calore
1385 4570 1411 4619 iu
1431 4585 1468 4620 oes
1491 4570 1616 4618 vertitur.
1642 4569 1733 4631 ltaque
1748 4572 1818 4631 iguis

996 4653 1023 4702 in
1039 4651 1154 4714 lapidem
1169 4649 1241 4705 ferit,
1256 4646 1302 4697 sed
1317 4657 1371 4694 nou
1387 4643 1420 4692 eb
1435 4656 1466 4690 eo
1479 4642 1580 4703 patitur
1596 4656 1602 4699 ;
1618 4642 1686 4703 lapis
1708 4644 1817 4705 patitur,

995 4724 1041 4773 εει
1061 4737 1114 4773 uon
1131 4722 1165 4772 eh
1180 4735 1232 4770 aere
1248 4735 1255 4780 3
1271 4731 1308 4768 aes
1322 4729 1386 4764 vero
1402 4727 1452 4763 uec
1470 4712 1497 4761 ia
1514 4712 1627 4774 lapidem
1650 4712 1723 4771 facit,
1738 4727 1790 4763 nec
1803 4730 1819 4763 e

995 4793 1206 4857 lapidepatitur.
1224 4787 1465 4852 teperhoc,non
1495 4781 1547 4832 nisi
1576 4783 1691 4833 faciendi
1720 4789 1747 4834 et
1775 4800 1819 4849 pfl.

995 4866 1078 4917 tiendi
1094 4864 1179 4914 vicem
1196 4861 1321 4916 reddunt,
1333 4857 1403 4921 quod
1422 4861 1494 4905 esset
1517 4859 1544 4904 et
1566 4854 1654 4905 facere
1677 4861 1704 4905 et
1718 4856 1772 4921 pati
1789 4858 1816 4907 in

994 4950 1031 4986 ee.
1046 4937 1138 4999 Neque
1151 4949 1214 4983 vero
1229 4932 1309 4988 idem,
1327 4928 1449 4977 videlicet
1463 4940 1509 4981 res,
1525 4926 1671 4988 permutari
1687 4932 1774 4989 potest
1787 4929 1814 4979 in

993 5009 1115 5057 herbam.
1129 5008 1194 5058 Nam
1207 5001 1289 5053 herba
1319 5001 1426 5064 quidem
1452 5002 1478 5046 st
1502 4997 1566 5047 facit
1589 5003 1615 5046 et
1636 4999 1753 5062 patitur3
1768 5001 1814 5050 scd

993 5091 1047 5129 nou
1065 5079 1092 5128 in
1104 5092 1140 5126 ass
1154 5076 1198 5125 vel
1212 5075 1245 5124 ab
1259 5086 1329 5130 scre;
1346 5074 1372 5118 et
1384 5083 1422 5119 ιεε
1434 5066 1557 5117 similiter
1571 5072 1598 5117 ει
1618 5066 1683 5118 facit
1706 5074 1733 5118 et
1747 5071 1816 5132 peti·

992 5155 1045 5208 tur,
1061 5150 1107 5200 scd
1122 5162 1176 5199 nou
1193 5149 1220 5197 ia
1233 5147 1342 5196 herbam
1358 5140 1449 5190 veleb
1465 5140 1556 5188 herba.

1022 5222 1075 5272 Nec
1089 5218 1230 5281 quodlibet,
1247 5215 1311 5282 ete]
1326 5211 1405 5273 Quasi
1423 5212 1483 5261 :AEs
1496 5223 1546 5259 uec
1569 5209 1596 5259 in
1620 5210 1735 5272 lapidem
1765 5226 1814 5260 aec

991 5297 1018 5344 iu
1035 5293 1144 5343 horbem
1161 5294 1249 5354 potest
1265 5285 1373 5341 mutari,
1395 5298 1444 5333 nec
1467 5281 1607 5346 quodlibet
1630 5280 1701 5330 aliud
1717 5296 1814 5345 corpus

991 5366 1018 5416 iu
1034 5362 1173 5429 quodlibet
1200 5360 1273 5410 aliud
1301 5353 1486 5418 transfigurari
1512 5354 1607 5414 potest,
1639 5355 1665 5399 et
1703 5353 1814 5403 onmino

991 5437 1123 5490 uallares
1147 5435 1174 5483 in
1204 5433 1295 5486 aliem.
1324 5430 1376 5479 nisi
1405 5431 1431 5477 et
1458 5424 1551 5474 eadem
1580 5423 1613 5471 ait
1641 5425 1751 5474 aratoria
1772 5440 1813 5477 re·

989 5522 1049 5561 rum
1062 5508 1089 5557 iu
1105 5522 1133 5556 se
1148 5504 1354 5559 transeuntium,
1371 5504 1396 5549 et
1412 5496 1491 5546 etiam
1507 5509 1522 5543 a
1544 5507 1572 5543 ss
1602 5493 1689 5543 facere
1713 5499 1740 5544 et
1756 5496 1811 5561 pati

989 5584 1104 5646 possml.
1121 5579 1175 5627 lloc
1189 5583 1277 5626 autem
1293 5576 1320 5624 in
1336 5571 1441 5622 duabus
1463 5566 1617 5616 novissimis
1643 5566 1723 5615 rebus
1754 5582 1811 5620 are-

990 5653 1085 5702 uifeste
1101 5648 1242 5712 exemplat,
1258 5648 1350 5697 diceus
1365 5659 1372 5695 ε
1388 5641 1499 5692 Utrum
1515 5636 1609 5689 viuum
1631 5643 1711 5701 atquo
1733 5652 1810 5703 equae

988 5724 1145 5786 miscentur,
1177 5730 1288 5787 utraque
1316 5722 1379 5768 saut
1407 5711 1480 5771 talia,
1509 5724 1572 5776 quse
1612 5712 1811 5764 communirent

988 5798 1038 5855 sihi
1051 5799 1139 5847 actum
1149 5792 1369 5860 passionemque,
1383 5787 1435 5837 hoc
1467 5788 1518 5843 εει,
1545 5798 1610 5851 quse
1634 5786 1662 5832 st
1682 5784 1711 5832 ln
1726 5797 1755 5833 εε
1768 5784 1811 5834 in-
