3892 6126
142 195 213 253 1³05

676 192 839 251 attentant
857 186 1031 248 tonatim
1049 184 1317 251 conunnttntt.

1779 200 1849 267 rau

140 320 261 385 laritats,
289 324 317 373 at
339 320 450 372 omuluo
472 320 530 371 sine
554 332 668 372 numero
693 334 747 370 una
779 318 891 376 occurit,
915 314 1058 383 quaAao
1074 324 1125 382 est,
1148 328 1254 373 constet
1279 322 1403 374 simililer
1428 339 1462 376 ex
1486 326 1587 377 multis.
1613 329 1752 397 Contingit
1778 339 1850 389 enim

140 393 194 461 ipsi
210 392 339 444 dicuutur
354 406 413 443 esse
438 391 599 455 substantia,
623 392 739 457 ideoque
753 408 816 444 vere
841 406 900 443 ease
915 401 970 439 una

141 468 305 519 substantia.
321 467 492 517 Manifestum
510 472 549 516 est
570 467 652 529 igitur
674 466 747 529 quod
775 467 872 516 borum
888 464 969 513 trium

143 545 185 593 sat
200 553 255 590 una
269 539 421 590 substantia
436 541 550 599 mutum,
566 551 627 602 que
654 538 746 589 Graece
764 538 873 602 quidem
891 532 969 588 aisis

142 618 253 681 dieitur,
270 618 362 671 Latine
378 632 450 681 vero,
466 622 535 668 sicut
551 619 651 669 dictum
675 623 724 677 est,
748 616 899 670 substantia
927 614 969 664 vel

110 693 328 755 (subalbentis,
363 691 413 747 vel,
442 695 473 741 ut
498 690 651 753 expressius
676 691 789 748 dicatur,
824 690 968 741 essentia:

140 764 213 829 qood
231 778 282 813 nco
295 762 416 827 asparuri
428 761 481 811 ullo
496 763 576 811 modo
589 767 635 811 aut
652 762 770 827 disjungi
794 765 889 825 polest,
921 770 970 807 nee

139 835 216 885 vslut
238 836 359 898 partibua
386 835 412 883 iu
438 847 521 883 uuum
546 834 692 897 conjuncta
720 839 769 884 eat.
793 832 869 893 Quod
898 831 968 879 enim

123 908 261 973 (essentia
276 905 374 955 dicitnr
389 919 451 960 nna,
470 904 654 969 singularitate
670 919 717 955 acu
743 903 906 968 proprietate
929 899 968 950 rel

141 991 204 1042 qum
219 978 252 1027 ds
268 979 334 1041 ipsis
359 976 531 1041 praedicatur,
555 976 760 1037 intelligendum
785 980 826 1025 eat
853 986 906 1023 non
927 970 968 1020 di·

140 1062 282 1099 vsrsornm
303 1047 412 1105 unione,
428 1060 489 1111 que
502 1060 573 1111 saepe
585 1048 668 1096 multa
682 1060 763 1096 uuum
787 1045 840 1096 <lici
862 1044 967 1093 contiu-

137 1118 180 1183 git
200 1136 207 1180 ς
226 1119 267 1169 vei
296 1118 483 1169 conformitate
506 1119 606 1181 aliqua,
630 1119 743 1181 qualiter
768 1119 857 1180 plures
880 1114 969 1163 haml-

140 1204 191 1241 nes
207 1192 336 1241 dicuntur
353 1204 423 1239 uurrs
449 1190 538 1247 licimo,
564 1188 693 1252 qouniam
720 1190 822 1239 scilicet
844 1187 890 1251 qui
913 1186 969 1234 suis

137 1262 323 1319 subsistentis,
349 1276 409 1327 quae
443 1276 459 1311 a
479 1260 676 1311 mathematicis
699 1261 832 1310 nominari
857 1264 969 1322 possunt

137 1330 334 1391 humanitates,
349 1339 413 1383 snut
441 1333 576 1393 homines,
598 1338 625 1381 et
647 1345 740 1383 aarum
770 1328 901 1381 numerali
931 1329 968 1378 cti-

135 1404 264 1455 xarsitate
282 1405 382 1467 piures,
408 1404 564 1454 earumdem
595 1401 784 1453 conformitate
804 1401 915 1458 similes,
941 1414 968 1461 at

138 1475 318 1526 similitudine
333 1482 397 1526 aunt
410 1476 564 1525 conformas
580 1489 586 1533 ;
603 1475 646 1523 vel
662 1473 827 1539 integritate,
855 1470 968 1534 qualiter

136 1558 239 1610 eorpus
252 1550 280 1597 si
294 1547 384 1597 anima
401 1545 530 1596 dicuntur
545 1559 629 1595 unum
648 1544 759 1605 animal,
775 1558 827 1593 non
857 1540 966 1606 quidem

1026 390 1177 444 subsistens
1192 408 1250 445 esea
1265 395 1387 460 simplex,
1404 396 1485 447 ideal
1510 413 1542 448 ex
1567 400 1776 456 subsistentibus
1801 410 1853 460 mi·

1023 462 1095 516 nime
1112 481 1170 516 asae
1186 468 1371 531 conjunctum,
1387 482 1448 518 cum
1465 473 1556 520 tamen
1572 472 1632 536 ejus
1647 488 1705 525 essa
1720 478 1755 527 sit
1781 482 1852 532 mul·

1022 537 1105 601 tiplex
1123 552 1128 586 :
1146 542 1176 588 ut
1200 539 1290 590 anima
1316 539 1429 603 simplex
1452 546 1502 600 esi,
1526 543 1619 594 multis
1645 552 1734 598 tamen
1764 553 1853 604 anbal-

1023 611 1126 660 stantiis
1145 612 1243 671 aliquid
1272 614 1322 660 ast.
1347 610 1467 669 Qualiter
1491 617 1517 662 el
1542 614 1625 678 aliqui
1649 616 1734 669 Deum
1761 624 1850 674 multi.

1022 682 1134 732 formem
1171 683 1323 745 opinanter,
1359 684 1519 747 potentiam,
1543 687 1711 751 sapientiam,
1739 691 1849 745 bonita-

1022 758 1085 811 tem,
1102 757 1228 817 tanquam
1245 755 1373 808 diversas,
1402 755 1447 803 uni
1478 756 1590 819 simplici
1618 758 1848 822 Deoattrlhuunt,

1022 824 1152 888 elipeum
1171 839 1255 875 uuum
1275 825 1455 888 eumdemque
1472 826 1558 876 Deum
1583 831 1730 882 secundum
1753 838 1852 896 potan-

1021 899 1085 949 tiam
1101 912 1159 948 ease
1175 900 1290 957 Patrem,
1307 897 1455 947 secundnm
1472 899 1633 962 sapientiam
1658 916 1716 953 ease
1744 905 1850 965 Filium,

1022 972 1170 1023 secundum
1186 970 1335 1020 honitatem
1358 984 1416 1020 ease
1440 972 1571 1033 Spiritum
1596 979 1729 1038 sanctum,
1753 976 1852 1041 quibus

1022 1046 1135 1108 possunt
1150 1041 1242 1090 vitreis
1256 1046 1346 1091 tamen
1362 1054 1417 1091 non
1441 1049 1494 1093 tam
1522 1046 1686 1107 argumentis
1706 1060 1788 1111 quam
1813 1064 1852 1099 ar·

1021 1114 1102 1177 guttis
1117 1118 1250 1163 asserunt.
1267 1112 1322 1163 Hos
1348 1115 1437 1178 iisqne
1459 1128 1554 1165 omnes
1575 1115 1692 1167 destruit
1714 1133 1775 1168 cum
1792 1122 1849 1172 altr

1020 1186 1075 1235 Nec
1088 1185 1208 1249 separari
1224 1183 1279 1234 ullo
1294 1184 1375 1233 modo
1390 1190 1437 1235 arat
1452 1186 1579 1249 distingui
1606 1193 1702 1250 potest,
1726 1189 1769 1240 illa
1794 1205 1848 1242 uns

1021 1259 1102 1308 trium
1126 1271 1180 1321 qua
1206 1260 1269 1306 eunt
1292 1258 1416 1313 essentia,
1441 1271 1491 1308 nec
1514 1259 1587 1309 velut
1609 1272 1641 1308 ax
1676 1262 1795 1323 partibus
1819 1264 1847 1314 in

1021 1346 1105 1381 uuum
1122 1331 1268 1394 conjuncta
1283 1332 1346 1387 est3
1364 1329 1410 1378 aad
1426 1330 1515 1393 potius
1535 1335 1577 1381 eat
1602 1346 1656 1382 una
1684 1332 1849 1396 simpliciter,

1020 1416 1073 1467 qna
1096 1402 1132 1452 illl
1157 1408 1211 1453 tres
1235 1405 1299 1450 aunt
1323 1413 1417 1461 unum,
1443 1406 1470 1451 et
1493 1402 1615 1467 simplex,
1640 1408 1666 1455 at
1692 1406 1803 1456 omnino
1817 1408 1844 1458 id

1020 1475 1091 1539 qnod
1110 1480 1181 1524 sunt.
1200 1472 1258 1522 Non
1271 1471 1342 1521 enirn
1362 1475 1404 1520 eat
1418 1472 1489 1521 alind
1505 1486 1559 1536 qno
1574 1472 1639 1533 sint,
1656 1476 1708 1525 nisi
1734 1476 1778 1527 illa
1801 1479 1844 1528 in-

1019 1545 1130 1596 dividua
1156 1548 1183 1594 et
1206 1542 1319 1606 attriplex
1344 1544 1469 1592 essentia.
1497 1543 1543 1594 llla
1571 1548 1661 1595 aulem
1690 1546 1723 1596 da
1755 1546 1845 1598 tribus

135 1618 212 1683 quod
236 1618 293 1668 ltass
315 1632 348 1668 sx
372 1618 472 1682 quibua
498 1618 597 1666 animal
620 1620 736 1673 constal,
761 1616 815 1665 aiut
840 1619 886 1663 aut
908 1626 966 1663 essa
1020 1618 1208 1670 communiter,
1233 1618 1261 1663 et
1285 1612 1402 1675 divisim,
1427 1618 1455 1663 et
1477 1615 1610 1665 collectim
1639 1618 1719 1675 (sicut
1741 1619 1842 1671 dictum

135 1688 242 1751 possint
256 1688 354 1738 animal
384 1694 533 1750 (nunquam
558 1688 628 1736 enim
653 1689 742 1750 partes
765 1684 881 1748 alicuius
904 1682 1070 1750 auntBsst)
1087 1686 1440 1753 praedicatur.tgtturquon
1456 1687 1489 1736 do
1515 1686 1608 1738 divlns
1631 1687 1790 1749 anhelantia,
1817 1692 1844 1742 ld

138 1759 445 1816 atotaformatotius),
468 1760 515 1808 ssd
541 1759 613 1818 quod
641 1759 728 1820 tpaum
753 1758 863 1817 animal,
892 1756 965 1820 quod

136 1844 174 1882 sx
188 1833 353 1892 aisoonatnt,
372 1835 413 1882 est
427 1830 570 1885 animata
591 1830 677 1878 formu
701 1843 760 1891 qna
782 1843 813 1878 ex
841 1829 967 1877 omnibus

134 1902 211 1953 fliius
225 1906 322 1953 animae
347 1907 427 1966 atque
448 1903 519 1952 illiue
544 1903 664 1965 corporis
687 1899 868 1950 subsistentiis
900 1913 966 1948 cun·

136 1978 202 2031 stat,
217 1988 279 2038 quas
304 1976 385 2024 atium
407 1974 575 2035 singularum
603 1974 716 2037 partium
741 1973 852 2035 singulm
876 1972 908 2021 dc
932 1984 965 2020 eo

136 2046 212 2111 qnod
239 2047 299 2097 sins
321 2044 444 2103 alterius,
463 2046 503 2094 rel
527 2050 702 2108 utrarumque
727 2044 885 2093 confusione
900 2056 965 2091 eon-

134 2122 200 2179 stat,
215 2130 247 2167 ax
263 2118 384 2181 partibus
399 2116 591 2180 predicantur.
606 2116 643 2163 lle
659 2129 713 2179 quo
741 2113 770 2163 in
795 2113 964 2177 expositione

134 2186 199 2239 libri
216 2189 263 2253 qui
277 2195 369 2239 contra
383 2189 523 2253 Eutychen
539 2188 655 2251 scriptus
680 2191 729 2242 est,
754 2186 860 2249 plenius
890 2184 965 2235 dice·

135 2264 192 2311 tur.
216 2260 285 2311 Sunt
307 2266 335 2310 st
355 2261 413 2310 alias
437 2272 526 2310 rerum
551 2260 622 2308 intur
645 2272 673 2307 se
695 2272 727 2307 ex
743 2257 799 2306 suis
815 2258 963 2321 proprieta-

134 2332 211 2383 libus
225 2330 399 2389 diversarum,
423 2331 572 2381 secundnm
599 2328 649 2379 alia
675 2330 793 2391 ipsarum
817 2327 961 2387 consortia,

134 2406 260 2455 uniones.
275 2404 326 2453 Sed
342 2403 399 2461 bas,
416 2416 491 2466 quas,
509 2409 538 2452 ut
552 2402 666 2460 videtur,
681 2405 775 2450 corrtra
785 2400 961 2463 quorumdam

133 2488 251 2532 errores,
264 2474 364 2525 dirime
380 2474 507 2524 essentie
525 2474 627 2523 unitata
658 2476 753 2522 auctor
774 2476 904 2528 removet,
934 2475 963 2522 nt

132 2544 218 2611 hujus
234 2548 323 2611 operis
337 2546 460 2611 qualitati
488 2546 641 2609 explanatio
667 2543 850 2607 responderet,
875 2544 962 2593 tacitis

130 2618 239 2669 colaris
270 2631 329 2682 quaa
355 2617 490 2667 huicloeo
526 2630 581 2666 nun
612 2614 721 2672 faciunt,
751 2626 961 2664 commemorare

130 2689 298 2739 curavimus.
316 2688 429 2750 Quidam
445 2688 517 2739 enirn
534 2685 665 2743 haeretici,
688 2699 802 2750 quorum
834 2699 959 2744 errorem,

129 2758 221 2825 ipsius
256 2763 354 2810 erroris
377 2761 456 2810 tacito
484 2764 603 2814 auctora,
627 2762 818 2808 commemorat
847 2756 962 2819 Epipha-

130 2832 205 2889 nius,
222 2831 428 2883 dicuutliilium
456 2831 536 2881 simul
558 2831 683 2880 essentiae
706 2831 717 2852 ⁶
739 2829 817 2892 cujus
844 2828 961 2878 etPatar

133 2908 186 2957 ssa
203 2902 302 2968 laquo
326 2904 423 2965 partim
447 2903 621 2953 consentiunt
641 2900 755 2957 Arianis,
779 2901 877 2963 partim
904 2899 960 2948 div-

133 2976 306 3027 ssntluntah
331 2976 378 3037 ele,
398 2976 515 3038 ideoque
542 2974 701 3023 Samiarinnl
725 2977 865 3022 vocantur.
889 2971 957 3021 Nam

1021 1768 1061 1812 est
1085 1760 1118 1810 da
1143 1761 1196 1810 lieo
1218 1757 1429 1808 substantialiter
1453 1761 1624 1824 praedicatur,
1650 1762 1674 1811 id
1698 1762 1793 1821 tribus,
1818 1764 1846 1813 id

1020 1836 1062 1882 ast
1082 1831 1164 1889 Patri,
1190 1836 1216 1882 ct
1240 1831 1315 1886 Filio,
1339 1834 1367 1878 el
1390 1828 1500 1894 Spiritui
1524 1835 1627 1890 sancio,
1652 1837 1758 1897 oportet
1788 1847 1847 1883 ease

1020 1916 1173 1953 commune.
1203 1903 1242 1953 lta
1271 1902 1441 1965 singulariter
1469 1901 1564 1953 debuit
1593 1904 1690 1962 dicere,
1719 1904 1790 1969 qnod
1818 1909 1846 1955 et

1020 1975 1189 2037 praedicatur,
1213 1978 1240 2023 et
1264 1972 1290 2023 id
1316 1977 1343 2022 et
1366 1986 1534 2023 commune:
1560 1974 1700 2036 quoniam,
1726 1976 1846 2026 sicntdi·

1018 2052 1089 2095 ctum
1106 2051 1154 2107 aet,
1172 2060 1225 2095 non
1243 2046 1293 2095 nial
1309 2057 1392 2094 unum
1411 2049 1459 2102 eat,
1474 2045 1545 2109 quod
1559 2045 1593 2095 da
1614 2045 1656 2094 his
1681 2048 1845 2098 substantia·

1018 2118 1079 2169 liter
1102 2118 1208 2168 dicitur.
1233 2116 1300 2175 Quia
1323 2119 1413 2164 tamen
1441 2114 1466 2163 id
1497 2116 1673 2178 quarumdam
1708 2118 1842 2169 rationum

1018 2188 1248 2253 proportionibus,
1283 2202 1355 2250 saepe
1397 2186 1510 2236 dirersis
1549 2185 1718 2249 significandi
1755 2190 1844 2240 modis

1018 2259 1180 2315 ostenditur,
1196 2259 1221 2308 id
1238 2261 1287 2316 est,
1302 2257 1345 2306 vel
1360 2256 1392 2304 ud
1408 2270 1547 2319 generum,
1562 2258 1603 2305 val
1619 2258 1652 2306 ad
1672 2259 1842 2322 qualitatum,

1017 2334 1061 2384 vel
1077 2333 1110 2383 ad
1126 2332 1307 2397 quantitatum
1321 2329 1510 2389 mutationem,
1534 2344 1594 2380 cum
1620 2330 1744 2389 dicimus,
1774 2333 1844 2385 Dans

1017 2407 1115 2463 bonus,
1131 2417 1254 2468 magnus,
1271 2408 1299 2453 et
1319 2402 1475 2465 brrjusmodi
1498 2401 1558 2453 aliie
1582 2402 1739 2453 nominihus
1761 2405 1845 2469 signi·

1016 2478 1119 2535 fleatur,
1135 2475 1277 2540 pluraliter
1291 2475 1374 2524 dixit:
1391 2475 1576 2539 Quaecunque,
1602 2479 1629 2525 ol
1652 2476 1844 2540 praedicantur,

1016 2554 1044 2601 at
1067 2564 1107 2605 ca,
1132 2553 1157 2599 et
1180 2547 1342 2597 communia.
1368 2546 1421 2597 Nec
1447 2548 1545 2597 mirum
1573 2547 1595 2597 si
1619 2548 1647 2597 in
1675 2548 1843 2613 theologicis,

1016 2623 1061 2672 ubi
1077 2623 1206 2685 cognatos
1220 2619 1301 2669 rebus
1316 2619 1349 2667 de
1373 2618 1471 2682 quibus
1495 2617 1640 2683 loquimur,
1666 2632 1721 2669 non
1745 2634 1842 2683 posen-

1016 2707 1077 2743 mna
1092 2692 1193 2742 habere
1207 2704 1347 2740 sermones
1364 2704 1371 2750 ;
1387 2690 1433 2739 sed
1450 2690 1482 2739 ad
1508 2688 1556 2739 illa
1579 2689 1754 2753 significanda
1779 2691 1842 2742 illos

1014 2764 1062 2829 qui
1092 2767 1156 2813 saint
1188 2766 1346 2813 craterarum
1368 2761 1526 2810 facultatum
1551 2773 1584 2809 ex
1608 2761 1698 2824 aliqua
1726 2761 1841 2812 rationis

1014 2835 1199 2901 proportione,
1222 2830 1429 2885 transumimna,
1453 2832 1546 2881 miritis
1571 2830 1726 2883 nominibus
1744 2836 1771 2881 et
1799 2834 1841 2883 dl-

1013 2908 1098 2955 varais
1112 2903 1201 2955 modis
1217 2903 1287 2953 idem
1306 2902 1497 2965 significamus,
1521 2915 1582 2951 cum
1608 2902 1636 2952 in
1660 2902 1839 2964 naturalibus,

1015 2978 1061 3028 uhi
1077 2990 1131 3027 noa
1147 2981 1186 3025 eet
1202 2980 1276 3026 tanta
1292 2973 1386 3037 inopta
1401 2975 1552 3031 nomiuum,
1568 2973 1639 3022 idem
1663 2986 1735 3038 saepe
1758 2976 1840 3026 facts-

132 3044 515 3111 Asisni,anhnslduuomius
539 3047 682 3101 consentit,
709 3048 763 3094 tam
788 3042 888 3092 unione
917 3042 999 3121 cli-(g
1018 3064 1100 3101 mua:
1131 3052 1161 3097 ut
1188 3061 1293 3109 corpur,
1322 3045 1468 3108 corporate,
1495 3058 1662 3109 corporeum,
1694 3045 1766 3096 idam
1793 3045 1840 3096 aad

131 3131 273 3169 varssrnm
300 3119 479 3168 essentiarum
504 3130 585 3181 quam
617 3117 697 3166 unius
718 3114 842 3165 essentiae
869 3111 959 3178 siugu-

130 3192 251 3253 laritsts,
284 3195 386 3255 negant
405 3192 508 3240 Patrem
542 3195 569 3239 et
591 3188 686 3238 Filium
710 3186 790 3237 unius
812 3200 871 3236 esse
897 3188 961 3237 sub·

134 3263 253 3313 mantiae.
269 3262 337 3321 Quia
351 3275 467 3323 namque
483 3265 606 3310 creatura
621 3274 669 3309 sno
693 3260 826 3323 principio
850 3272 900 3308 nec
927 3260 962 3310 si-

134 3332 211 3386 mitia
223 3347 283 3384 esse
299 3338 394 3396 poisat,
409 3332 517 3389 Filium,
533 3345 613 3396 quem
643 3331 748 3381 illorum
773 3331 871 3393 dogma
889 3345 961 3381 orea-

131 3408 224 3457 tnram
239 3418 297 3455 esse
311 3409 369 3455 tota
389 3406 431 3454 ani
447 3408 547 3454 natura
570 3402 738 3459 confirmant,
752 3402 823 3451 Patri
850 3404 961 3454 omuino

134 3475 294 3527 dissimilem
322 3480 428 3539 putant.
459 3476 490 3524 lli
521 3488 584 3523 vero
613 3473 780 3531 semiariani,
809 3474 906 3523 Filium
936 3478 963 3523 et

136 3546 246 3597 Patrem
263 3561 322 3598 esse
338 3548 418 3597 nnius
433 3546 598 3602 substantiae,
622 3545 773 3595 secundum
797 3543 906 3608 quidem
924 3559 963 3594 aa·

136 3620 234 3671 santiae
249 3617 471 3681 singularitatem,
497 3621 605 3680 negant,
629 3617 675 3666 aed
696 3618 844 3666 secundum
873 3618 963 3668 diver-

134 3704 231 3743 sarum
246 3693 424 3740 essentiarum
450 3690 663 3739 conformitatem
683 3688 827 3738 affirmant.
841 3689 885 3739 Sic
899 3703 962 3753 ergo

134 3760 448 3819 substantiam,boesat
477 3759 620 3810 essentiam
645 3760 729 3809 l’atris
758 3764 784 3809 et
807 3760 873 3817 Filii,
901 3775 963 3825 quas

135 3832 324 3894 singularitate
351 3832 512 3897 intelligitur
548 3846 639 3887 unam,
679 3830 879 3894 quodammodo
911 3834 963 3883 dis-

138 3910 252 3971 tingunt
268 3910 444 3967 etsaparaut,
474 3903 522 3967 qni
547 3904 646 3953 unione
674 3901 858 3953 similitudinis
880 3917 961 3954 unam

132 3974 421 4041 pntaul.Sicntenim
438 3974 571 4038 ipsaque
595 3979 660 4024 sunt
678 3973 783 4031 similia,
808 3975 846 4024 eia
868 3978 894 4025 el
915 3974 961 4025 illa

133 4048 286 4099 secandum
302 4060 363 4110 qnae
378 4051 443 4096 sunt
454 4046 563 4102 aimilra,
578 4058 688 4095 necesse
701 4050 742 4095 cet
757 4059 815 4095 case
845 4047 960 4096 diversa.

131 4120 185 4171 atu
215 4122 307 4169 autem
339 4119 469 4175 haeretiei,
501 4130 569 4180 qnos
597 4116 720 4165 similiter
748 4118 829 4167 tacito
851 4121 960 4167 auctore

131 4188 267 4241 Philsstsr
281 4192 483 4245 commemorat,
501 4189 540 4236 sic
556 4186 704 4236 triformem
719 4192 844 4237 asserunt
864 4188 960 4243 Deum,

132 4268 165 4315 nt
177 4262 303 4326 quaedam
318 4274 379 4323 para
394 4260 497 4323 ejussit
511 4260 599 4319 Pater,
623 4258 746 4322 quaedam
770 4259 862 4315 Filius,
886 4273 961 4322 qum·

133 4334 200 4385 dam
214 4332 332 4397 Spiritus
347 4338 467 4391 sanctus,
482 4333 534 4381 boe
556 4336 605 4400 est,
629 4331 702 4394 quod
724 4330 771 4379 liei
798 4332 878 4381 unius
901 4345 960 4394 par·

133 4408 175 4457 tas
189 4410 263 4461 suut,
279 4416 340 4467 qnae
354 4403 434 4454 istam
450 4402 552 4451 faciunt
568 4399 726 4457 trinitatem,
750 4401 793 4450 rel
816 4406 846 4451 nt
871 4416 902 4451 ex
919 4402 959 4451 hia

133 4476 223 4527 trihus
244 4476 365 4539 partibus
392 4475 561 4537 compleatur
583 4473 661 4528 Dens,
686 4485 736 4522 nec
763 4474 798 4524 sit
825 4473 960 4536 perfectus

131 4546 164 4599 in
179 4549 270 4609 seipso
285 4546 328 4597 val
344 4546 434 4603 Pater,
448 4544 491 4595 rel
511 4543 604 4601 Filius,
633 4543 673 4592 vel
697 4543 813 4607 Spiritus
840 4549 959 4594 nanctus.

130 4620 217 4671 taxas
231 4632 312 4683 quem
328 4631 447 4669 errorem
462 4616 569 4681 quidam
584 4617 707 4680 legentes
722 4617 750 4666 in
766 4616 845 4667 Patre
868 4616 961 4666 Filium

130 4704 203 4747 ssss,
221 4691 434 4753 interpretantur
448 4688 500 4737 boo
512 4692 644 4752 tanquam
660 4687 686 4736 in
704 4689 804 4749 maiore
830 4703 892 4739 ruse
917 4702 963 4737 ras

133 4760 329 4813 minas.Unda
356 4758 489 4809 Philasler
522 4756 767 4832 μιταγγισμονίτας
796 4759 846 4809 hos
873 4768 961 4811 vocat.

128 4842 196 4893 fiam
218 4837 304 4915 ἄγγος
322 4841 428 4895 Graes,
443 4851 490 4888 vas
512 4840 611 4889 dicitur
636 4839 751 4889 Latina:
778 4841 962 4915 μιταγγισμός

132 4926 225 4971 aulam
240 4921 382 4971 introitum
397 4932 444 4968 ras
459 4919 541 4968 nnirrs
555 4919 581 4967 in
600 4919 722 4968 alterum.
751 4918 784 4968 Hi
805 4934 868 4975 ergo
896 4923 960 4973 sub·

128 4990 271 5049 stantiam,
286 4991 338 5041 boe
361 4993 402 5039 est
425 4988 569 5039 assentiam
592 4990 637 5038 llai
657 5003 707 5039 sua
728 4990 858 5051 opinione
887 4994 962 5044 velut

128 5064 254 5127 partibus
271 5062 298 5111 in
315 5074 398 5111 urium
414 5060 593 5123 crrnjungunt.
610 5060 637 5110 Si
659 5062 730 5111 enim
757 5061 827 5110 Deua
849 5076 882 5112 ex
903 5078 961 5126 par·

129 5134 206 5184 tfhns
220 5133 385 5198 conjunctus
408 5136 457 5187 est,
479 5133 598 5181 essentis
628 5146 737 5195 qnuqus
756 5146 810 5195 qna
835 5135 892 5195 ipre
920 5141 961 5186 est

127 5216 162 5256 sa
186 5204 241 5254 illis
266 5200 392 5253 assentiis
416 5200 515 5265 quihus
538 5202 584 5251 Dei
611 5206 701 5264 partes
726 5207 798 5258 sunt,
815 5204 959 5267 conjuncta

130 5276 310 5337 sabonarias
332 5274 406 5325 anim
430 5274 580 5324 subsistens
607 5289 638 5324 ex
667 5275 875 5327 subsistentibus
898 5292 960 5329 aava·

122 5348 254 5415 lunctnm
267 5351 317 5402 ast,
333 5358 443 5396 necasse
458 5350 499 5394 eat
513 5344 572 5407 ejus
588 5350 672 5395 totum
687 5360 755 5404 esua,
769 5347 796 5396 id
824 5356 865 5397 est
888 5351 958 5399 illum

127 5433 184 5487 qna
199 5421 291 5481 ipsum
311 5416 460 5480 perfeetum
488 5420 529 5466 est
553 5415 755 5467 subsistentium
779 5432 812 5469 ex
835 5420 957 5472 omnium

126 5496 248 5561 partium
276 5504 387 5541 suarum
410 5491 535 5541 omnihus
561 5492 743 5542 subsistentiis
764 5505 822 5542 asse
842 5495 956 5557 corijun-

125 5572 211 5619 atam.
227 5562 287 5614 lien
304 5567 396 5613 tamen
411 5576 441 5611 ex
455 5575 586 5611 converso
600 5563 723 5617 dicimus,
747 5565 819 5627 quod
850 5568 956 5629 quaties

124 5636 246 5701 dionius
260 5646 320 5685 asae
334 5638 440 5685 constan
454 5646 487 5683 ex
514 5632 616 5693 multis,
639 5630 728 5699 ipsum
751 5648 859 5699 quoque
882 5638 955 5701 quod

156 5770 952 5839 ·ramnaauuamumuaproumat.tantumtantum.

1018 3124 1122 3172 diverso
1137 3120 1218 3170 modo
1233 3118 1394 3183 significant.
1410 3117 1473 3167 item
1487 3116 1586 3166 animal
1599 3117 1724 3175 animale,
1740 3123 1764 3169 ei
1790 3118 1840 3167 ho-

1018 3208 1061 3245 mo
1079 3192 1236 3248 humanum,
1254 3194 1280 3239 et
1296 3188 1449 3253 hujusmodi
1465 3188 1590 3251 plurima.

1047 3265 1131 3329 quue
1145 3263 1290 3327 signierit,
1307 3265 1357 3311 ete.
1372 3259 1382 3326 ]
1397 3260 1477 3317 Quasi
1493 3275 1499 3308 :
1517 3260 1689 3323 Quaecunque
1712 3260 1745 3311 de
1775 3260 1841 3311 divi-

1017 3353 1053 3390 na
1076 3335 1226 3386 substantia
1250 3332 1441 3397 praedicantur,
1470 3330 1556 3381 tribus
1584 3331 1738 3381 communia
1766 3335 1838 3383 sunt.

1016 3411 1099 3475 idque
1114 3408 1192 3467 aigni,
1210 3405 1237 3454 id
1256 3409 1296 3454 eat
1310 3405 1361 3453 hoc
1378 3404 1484 3467 signnm
1506 3403 1566 3463 erlt,
1591 3417 1639 3467 per
1662 3404 1714 3453 hoo
1739 3403 1841 3455 scilieet

1020 3479 1197 3545 probabiliter
1206 3474 1319 3539 intelligi
1336 3474 1444 3538 poterit,
1459 3487 1520 3536 qum
1537 3474 1591 3523 sint
1605 3474 1650 3523 illa
1667 3488 1728 3538 qum
1744 3474 1778 3526 de
1793 3474 1840 3525 nt-

1017 3550 1137 3602 vinitatis
1163 3548 1344 3603 subsistentia,
1375 3544 1402 3595 id
1430 3549 1472 3593 esi
1500 3546 1532 3593 da
1560 3544 1841 3597 Duosubatsntiulitar

1017 3625 1208 3691 predicentur,
1224 3618 1295 3682 quod
1311 3616 1412 3667 scilieet
1426 3629 1603 3679 quaeeunque,
1625 3622 1676 3667 stc.
1699 3617 1775 3676 Quod
1805 3620 1842 3669 ait

1017 3698 1133 3759 signum,
1161 3707 1174 3741 a
1203 3691 1358 3741 rhetoribus
1383 3688 1474 3737 sumit.
1505 3687 1598 3736 Cicero
1623 3702 1739 3752 numqua
1772 3692 1841 3742 luter

1017 3769 1061 3819 illa
1076 3765 1225 3832 probabilia
1235 3764 1355 3819 inventa,
1371 3774 1430 3824 quas
1445 3759 1502 3810 fere
1527 3760 1583 3808 lieri
1607 3759 1704 3823 solent,
1732 3762 1838 3825 signnm

1018 3842 1094 3904 ponit
1109 3854 1115 3887 :
1131 3838 1203 3901 quod
1221 3834 1330 3899 quidem
1347 3834 1373 3883 id
1388 3832 1466 3896 cujus
1480 3833 1579 3883 dicitnr
1592 3831 1709 3896 signnm,
1731 3846 1839 3897 quoquo

1017 3914 1096 3961 molo
1112 3905 1256 3973 significari
1273 3906 1346 3967 dicit,
1360 3905 1405 3954 sed
1421 3903 1531 3970 majoris
1551 3903 1708 3962 testimonii,
1733 3910 1760 3955 ai
1779 3918 1838 3969 gra·

1017 3980 1099 4032 viaria
1115 3975 1327 4029 confirmationis
1337 3974 1459 4037 indigere
1468 3974 1594 4039 :qualiter
1604 3980 1631 4023 al
1641 3975 1692 4024 boc
1702 3975 1759 4026 loco
1771 3989 1841 4038 prta·

1016 4052 1157 4104 dicationis
1171 4049 1203 4098 de
1218 4048 1304 4098 tribus
1318 4045 1399 4097 simul
1415 4051 1442 4096 at
1455 4046 1570 4105 divisim,
1586 4045 1619 4095 ds
1645 4044 1759 4110 singulis
1785 4046 1840 4097 sia·

1015 4125 1146 4191 gularlter
1160 4121 1238 4169 factm
1254 4118 1441 4171 communitas.
1460 4116 1694 4166 substantialitatis
1717 4117 1837 4180 ejusdem

1015 4197 1114 4248 dicitur
1129 4190 1267 4257 praedicati
1281 4190 1398 4252 signum.
1414 4188 1455 4238 Sic
1470 4190 1541 4237 enim
1557 4200 1645 4246 cruor,
1660 4188 1731 4249 fuga,
1743 4188 1840 4252 pallor,

1015 4270 1112 4334 putria,
1143 4271 1169 4315 et
1193 4265 1234 4313 bis
1260 4263 1367 4319 similia,
1395 4261 1574 4325 quorumdam
1599 4259 1730 4309 factorum
1759 4259 1837 4325 signs

1015 4340 1125 4406 quidem
1139 4344 1211 4398 siant,
1226 4349 1287 4397 quaa
1302 4334 1329 4383 iu
1345 4333 1546 4383 contineutibus
1560 4344 1619 4381 oum
1644 4332 1769 4395 negotiis,
1797 4336 1839 4386 rel

1015 4410 1227 4476 ingestionibus
1252 4407 1422 4470 negotiorum
1448 4402 1506 4453 fieri
1529 4403 1627 4461 solent,
1651 4407 1741 4453 tamen
1765 4403 1837 4455 iufir-

1016 4499 1067 4542 mu,
1085 4484 1212 4546 quoniam
1228 4482 1256 4528 et
1276 4480 1374 4540 prater
1397 4475 1515 4537 negotia,
1542 4472 1641 4537 quibos
1663 4475 1837 4533 attribuatur,

1018 4555 1180 4617 narratingunt
1195 4568 1202 4603 ε
1217 4550 1256 4599 aia
1267 4550 1317 4599 iata
1332 4545 1574 4611 praedicendorum,
1589 4551 1615 4596 et
1627 4547 1659 4596 de
1687 4545 1773 4596 tribus
1796 4546 1837 4596 dt.

1016 4630 1104 4683 viairn,
1131 4632 1158 4676 et
1180 4622 1345 4686 conjunctim
1378 4618 1567 4679 communitas,
1606 4617 1839 4669 substantialitatis

1016 4700 1221 4764 praedicatorum
1245 4694 1352 4751 alanum
1374 4691 1483 4757 quidam
1506 4692 1555 4746 est.
1581 4689 1711 4753 quoniam
1746 4688 1838 4740 multis

1015 4774 1067 4823 hue
1082 4773 1208 4822 convenit
1238 4767 1428 4824 communiter,
1451 4763 1612 4826 praedicatis,
1636 4763 1770 4812 infirmum
1794 4768 1837 4813 ta-

1016 4858 1087 4897 men,
1102 4844 1230 4907 quoniam
1246 4839 1334 4901 aliqua
1346 4840 1409 4886 sunt
1423 4847 1484 4899 quas
1499 4839 1525 4883 et
1539 4834 1572 4883 de
1586 4832 1701 4897 cingulis
1730 4835 1836 4884 divisim

1015 4921 1042 4967 st
1058 4916 1221 4979 conjunctim
1237 4913 1270 4962 de
1284 4911 1370 4961 tribus
1386 4912 1440 4957 tarn
1464 4906 1504 4955 rai
1529 4920 1612 4969 qnam
1636 4908 1753 4957 nominis
1780 4908 1838 4955 sin-

1014 4989 1157 5054 gularitate
1192 4985 1372 5035 communiter
1410 4977 1602 5043 predicantur,
1638 4992 1700 5041 quaa
1729 4977 1836 5027 illorum

1015 5060 1173 5110 substantia]
1207 5071 1265 5106 csse
1299 5066 1353 5102 non
1377 5054 1499 5113 possunt.
1524 5050 1586 5113 quia
1610 5062 1665 5099 non
1688 5050 1837 5099 secuudum

1014 5148 1080 5196 rem,
1105 5132 1151 5181 sed
1178 5129 1344 5178 extrinsecus
1368 5124 1450 5172 afllxa
1473 5122 1682 5185 praedicamenta
1706 5124 1778 5177 sunt,
1809 5126 1838 5170 ut

1013 5204 1196 5269 principalitas
1213 5198 1334 5249 utactio.
1351 5196 1416 5245 Nam
1431 5198 1458 5245 st
1482 5207 1529 5257 per
1552 5206 1580 5241 ss
1604 5206 1696 5242 verum
1724 5198 1771 5245 eat.
1788 5196 1837 5239 t’a·

1012 5284 1054 5327 ter
1070 5274 1296 5339 estprincipinrn‚
1312 5270 1415 5320 etitem
1440 5281 1487 5332 per
1511 5280 1539 5315 aa
1565 5266 1644 5314 tillus
1667 5270 1707 5314 est
1737 5263 1837 5325 priuci-

1012 5352 1095 5415 pium,
1112 5354 1138 5398 et
1152 5348 1202 5397 iter
1217 5358 1302 5409 perse
1318 5342 1434 5404 Spiritus
1452 5345 1561 5389 sanctus
1584 5345 1624 5387 est
1648 5336 1809 5399 principium
1827 5351 1834 5391 ς

1012 5427 1039 5473 et
1053 5422 1132 5471 ctiam
1154 5420 1235 5468 Pater
1258 5416 1350 5478 simul,
1375 5419 1401 5463 at
1423 5410 1514 5467 Filius,
1540 5413 1566 5458 et
1588 5408 1704 5470 Spiritus
1727 5411 1836 5456 sanctus

1012 5498 1076 5544 aunt
1090 5505 1173 5541 uuum
1199 5489 1370 5552 principium.
1396 5486 1438 5535 Sic
1462 5488 1489 5531 et
1512 5495 1559 5543 per
1582 5496 1611 5529 se
1634 5481 1714 5529 Pater
1738 5486 1778 5529 eat
1793 5478 1835 5529 fa-

1010 5571 1078 5625 otor,
1092 5568 1118 5613 et
1136 5564 1198 5613 item
1213 5558 1299 5611 Filius
1314 5564 1355 5607 eat
1377 5557 1472 5609 factor.
1497 5557 1523 5602 et
1546 5552 1608 5600 item
1632 5550 1748 5614 Spiritus
1776 5564 1835 5601 san·

1011 5643 1070 5687 otus
1085 5640 1122 5685 est
1137 5635 1223 5685 factor
1239 5647 1246 5687 ;
1261 5634 1290 5681 ei
1312 5628 1393 5681 etium
1422 5624 1501 5675 simul
1524 5621 1615 5682 Pater,
1640 5627 1667 5672 et
1689 5622 1784 5681 Filius,
1809 5626 1836 5673 st
