3892 6126
774 247 835 301 All.
855 244 966 301 naut.
987 245 1068 300 BEV.
1087 243 1208 300 som

476 493 604 599 tall.
645 490 913 599 olaus,
955 487 1149 598 SEV.
1193 489 1517 601 llllffl'ss

688 690 1308 815 COMMENTARIA

551 891 598 965 nv
626 887 942 965 coaraverunt
963 862 997 961 's
1027 887 1081 960 su
1109 889 1444 964 TRANSLATUM.

765 1041 1232 1208 transeamus

179 1350 333 1407 Secundus
347 1346 395 1403 hic
410 1350 531 1417 arrepta
550 1344 741 1418 expositionis
756 1343 840 1402 labor
859 1350 968 1404 nostras
981 1351 1011 1416 Α
1026 1347 1214 1419 presentium
1225 1344 1667 1419 firmissimeeontemplatione,
1678 1347 1722 1403 vol
1735 1347 1766 1402 in
1779 1349 1850 1404 abs-

144 1440 250 1496 soriem
266 1435 470 1493 translationis
481 1435 662 1506 expediet‚in
674 1435 973 1507 quaquidomvereor
1026 1435 1139 1491 entium
1156 1434 1358 1508 intelligentia,
1376 1435 1419 1491 vel
1435 1435 1464 1491 in
1487 1435 1654 1508 ignotarum
1678 1435 1851 1508 inquisitio·

31 1552 34 1557 ·
144 1544 181 1584 ne
196 1524 335 1583 subierim
350 1524 402 1579 lidi
418 1522 589 1596 interpretis
613 1523 744 1596 culpam.
765 1540 833 1580 com
848 1525 971 1581 verbum
1027 1530 1211 1580 neversatur.
1222 1524 1287 1580 Haec
1302 1528 1417 1580 tautum
1427 1524 1558 1581 humano
1569 1525 1668 1596 generi
1677 1530 1848 1597 prostoest,

143 1611 972 1686 verboexpressumcomparatumquereddidsrlm.Cujus
1027 1630 1090 1685 quse
1107 1630 1163 1668 nou
1181 1612 1278 1669 solum
1293 1630 1399 1670 sensus
1423 1613 1566 1686 imagines
1583 1614 1725 1686 perlectus
1750 1619 1849 1671 etnou

144 1701 263 1774 inempti
274 1701 347 1758 ratio
362 1705 406 1757 est
421 1701 499 1772 quod
516 1700 545 1756 in
562 1699 609 1756 his
626 1701 788 1772 scriptisin
802 1701 911 1773 quibus
927 1718 972 1758 ro·
1027 1701 1192 1758 inconditas
1208 1701 1296 1774 capit,
1313 1704 1363 1759 sed
1384 1702 1473 1757 etiam
1490 1702 1576 1774 plcoo
1592 1708 1658 1757 acto
1683 1702 1854 1775 intelligen-

144 1788 971 1864 rumcognitioqursritor,nonlooulentoorationislepos
1024 1790 1071 1844 tiu
1086 1791 1164 1862 quod
1176 1789 1349 1863 imaginatio
1365 1789 1524 1863 suggessit,
1536 1790 1661 1862 explicat
1675 1795 1762 1862 atque
1780 1807 1851 1846 con·

144 1879 972 1954 sedinoorruptaveritasexprimeodasst.Quociroamul·
1025 1879 1851 1952 llrmatltaque,utdictumest‚buicdivinaeosturaeoon

144 1976 208 2029 tum
220 1971 380 2044 profecisse
392 1970 523 2040 videbor,
535 1969 559 2025 si
571 1967 763 2041 philosophia
774 1968 859 2026 libris
870 1969 972 2026 Latina
1026 1983 1061 2024 ea
1070 1968 1225 2025 tentumin
1237 1967 1564 2040 cognitionssoidcinnt
1573 1969 1851 2040 quaesubjectasen·

144 2061 277 2118 orations
292 2058 465 2132 compositis
481 2074 532 2130 per
556 2057 752 2130 integerrime
766 2057 971 2115 translationis
1027 2056 1459 2130 sibusoomprebendit,verum
1475 2057 1564 2113 etiam
1585 2062 1614 2113 et
1630 2057 1853 2115 insensibilibus

39 2192 42 2197 ι
146 2150 357 2220 sinceritatem,
380 2147 455 2204 nibil
469 2147 498 2203 in
521 2148 686 2204 Graecorum
712 2146 819 2203 litteris
843 2147 972 2220 amplius
1027 2147 1238 2220 imaginatione
1249 2152 1399 2221 oonoepta,
1408 2153 1436 2204 ct
1450 2148 1623 2205 absentibus
1635 2148 1721 2203 rebus
1733 2150 1854 2205 nomino

37 2254 41 2259 ·
146 2241 339 2298 desideretur.
362 2240 395 2295 lit
419 2237 559 2311 quoniam
585 2237 723 2294 humanis
747 2237 857 2294 animis
879 2238 973 2294 excel·
1026 2237 1244 2311 inderspotest,
1258 2237 1708 2312 etquodintelligontiaerationa
1722 2254 1855 2310 compre·

147 2328 348 2388 lentissimum
362 2328 473 2385 bonum
489 2326 682 2400 philosophia
693 2331 897 2400 comparatum
913 2331 969 2396 est,
1029 2327 1144 2397 hendit,
1151 2328 1364 2384 vocabulorum
1375 2327 1806 2400 quoquepositionibusapsrit.
1820 2327 1856 2382 ll·

148 2425 182 2478 ut
203 2418 257 2476 viss
280 2435 316 2475 ex
330 2417 379 2474 lllo
394 2417 519 2489 quodam
546 2416 683 2487 procedat
706 2415 789 2481 ratio.
806 2430 841 2471 ox
867 2415 972 2472 anima
1028 2413 1079 2471 lud
1096 2431 1214 2488 quoque
1229 2415 1254 2472 ei
1269 2421 1380 2473 nature
1392 2416 1545 2489 proprium
1560 2420 1615 2487 est,
1625 2421 1658 2472 ut
1673 2433 1725 2489 per
1739 2433 1774 2473 ea
1788 2433 1853 2489 qu·

148 2507 244 2581 ipsius
264 2505 428 2564 efficiendis
442 2504 619 2561 ordiendum
640 2509 694 2560 est.
711 2504 828 2576 Triplex
852 2503 973 2561 omnino
1028 2504 1086 2560 sibi
1100 2508 1169 2560 nota
1184 2509 1255 2560 sunt
1269 2505 1369 2578 ignota
1379 2506 1512 2577 vestiget,
1523 2509 1553 2561 st
1567 2521 1625 2561 nou
1637 2505 1733 2562 solum
1747 2521 1857 2561 onum·

149 2599 255 2656 animo
269 2596 353 2655 visin
367 2595 970 2670 vegetandiscorporibusdeprehenditur.
1027 2593 1164 2667 quodque
1175 2611 1211 2650 an
1224 2594 1272 2662 sit,
1284 2595 1335 2651 sed
1347 2594 1415 2666 qnid
1433 2594 1566 2652 sitellam
1582 2600 1612 2651 et
1626 2593 1712 2666 quale
1722 2594 1771 2662 sit,
1787 2611 1856 2651 nec·

149 2689 278 2754 Quarum
294 2702 354 2743 una
367 2684 487 2757 quidem
503 2685 593 2741 vitam
610 2683 739 2755 corporis
754 2684 973 2752 subministrat,
1030 2699 1088 2739 nou
1102 2699 1154 2739 cor
1169 2683 1207 2740 sit
1222 2688 1302 2756 optet
1314 2699 1483 2756 agnoscere.
1499 2682 1592 2747 Quam
1607 2683 1732 2755 triplicis
1749 2684 1856 2740 anime

149 2781 184 2835 ut
198 2777 346 2833 nascendo
360 2777 483 2842 crescat,
508 2773 671 2844 alendoque
684 2771 836 2829 subsistat.
854 2772 917 2828 Alia
930 2788 975 2828 vs·
1031 2771 1159 2829 vimsola
1168 2772 1494 2844 hominumqotdictum
1505 2773 1674 2845 est)ootura
1688 2771 1852 2828 sortilsest.

151 2883 184 2923 ro
206 2864 352 2922 sentiendi
365 2863 510 2935 iudicium
526 2861 647 2934 probet.
663 2861 759 2918 Tertia
782 2861 809 2917 vi
828 2863 976 2918 mentiost
1030 2859 1854 2935 Cujusouimaevieintelligentiaemotibusnoucaretqoia

151 2953 265 3011 ratione
281 2952 407 3009 subnixa
423 2955 478 3007 est.
493 2951 623 3014 Quarum
638 2951 758 3023 quidem
776 2951 877 3023 primes
893 2950 921 3006 id
937 2949 977 3006 oi·
1030 2950 1060 3005 in
1076 2948 1122 3006 bis
1137 2953 1264 3022 quatuor
1277 2951 1401 3022 propriae
1415 2950 1474 3005 vim
1499 2949 1621 3006 rationis
1645 2954 1769 3007 exercet.
1793 2952 1854 3006 Aut

152 3043 252 3100 licium
266 3046 321 3110 est,
338 3046 372 3097 ut
383 3039 529 3108 creandis,
541 3039 718 3110 nutriendis,
732 3039 903 3112 alendisque
914 3056 976 3096 oor-
1029 3038 1108 3094 euim
1120 3038 1232 3111 laiquid
1245 3056 1282 3095 an
1296 3039 1338 3096 sic
1353 3038 1486 3111 inquirit,
1498 3039 1584 3096 autsi
1600 3055 1664 3097 csse
1675 3039 1851 3106 constiterit,

152 3130 273 3204 poribus
292 3133 398 3201 prosto
423 3129 472 3197 sit,
488 3127 604 3185 nullom
618 3145 687 3185 vero
711 3127 835 3185 rationis
862 3131 978 3201 praestet
1031 3128 1101 3200 quid
1119 3129 1157 3184 sit
1171 3128 1201 3184 id
1217 3128 1341 3185 dubitat.
1354 3128 1435 3192 Quod
1452 3128 1477 3184 si
1492 3128 1580 3185 etiam
1597 3129 1858 3200 utriusquesoieu·

153 3232 294 3275 sensusve
306 3215 465 3287 judicium.
489 3219 557 3271 Hac
571 3221 669 3272 autem
694 3221 738 3273 est
751 3217 907 3274 herbarum
932 3221 978 3273 nt·
1031 3218 1103 3275 tium
1119 3218 1232 3274 ratione
1254 3217 1395 3290 possidet,
1420 3217 1506 3290 quale
1523 3220 1563 3275 sit
1578 3234 1792 3292 unumqnoque
1807 3234 1858 3274 ve·

154 3322 212 3378 qne
227 3305 378 3369 arborum,
391 3310 420 3359 et
435 3301 579 3375 quidquid
594 3307 678 3360 terra
693 3304 836 3361 radicitus
856 3306 977 3361 sitixum
1032 3307 1266 3380 stigat,atqueio
1281 3323 1315 3363 eo
1322 3312 1424 3364 catera
1431 3306 1626 3364 accidentium
1634 3310 1783 3364 momenta
1792 3322 1861 3378 per·

155 3396 281 3450 tenetur.
298 3391 433 3448 Secunda
455 3405 523 3445 vero
538 3390 702 3462 composite
719 3395 806 3462 atque
820 3394 978 3463 conjuncta
1032 3395 1860 3468 quirit,quibusoognitis,coritositqueritur,otrationc

155 3487 212 3551 est,
224 3486 253 3539 et
269 3481 394 3554 primam
417 3478 474 3535 sibi
489 3493 611 3535 sumens
631 3482 660 3534 et
674 3479 704 3533 iu
729 3484 842 3548 partem
866 3480 977 3536 cousti-
1034 3483 1228 3540 nibilominus
1242 3486 1378 3556 vestigat.
1394 3487 1465 3540 Cum
1487 3485 1579 3557 igitur
1590 3485 1665 3542 actio
1680 3484 1719 3541 sit
1734 3484 1858 3540 humani

156 3578 254 3640 tuens,
264 3574 379 3628 varium
391 3585 424 3625 ac
435 3567 861 3641 multiformejudisiumoapit,
870 3570 979 3641 deqoi-
1033 3573 1136 3639 animi,
1152 3579 1182 3625 ut
1196 3572 1406 3644 semperautin
1417 3573 1606 3644 presentium
1618 3590 1716 3630 rernm
1727 3589 1858 3644 compre·

154 3662 213 3719 bus
225 3674 328 3733 capere
343 3661 448 3731 potest.
465 3656 558 3713 Omne
572 3656 651 3712 enim
662 3655 770 3712 animal
797 3658 874 3729 quod
891 3674 980 3713 sensu
1033 3659 1856 3734 hensione,autinabsentiumintelligentia,aulinigno·

156 3748 243 3822 viget,
260 3747 337 3805 idem
352 3750 381 3803 et
393 3744 526 3802 nascitur
539 3749 568 3801 et
583 3743 715 3801 nutritur
728 3743 862 3801 etalllur.
872 3749 981 3803 Sensus
1033 3755 1133 3805 tarum
1148 3749 1340 3821 inquisitione
1355 3752 1443 3820 atque
1458 3748 1625 3807 inventione
1641 3755 1781 3817 versetur,
1797 3750 1856 3806 duo

156 3853 224 3894 vero
235 3834 343 3893 diversi
359 3838 429 3891 suut
443 3838 472 3891 st
483 3833 622 3906 usquead
638 3833 807 3906 quinarium
824 3850 980 3890 numerum
1034 3838 1862 3910 suntinquibosomnsmopersmvisanimaeratiocinan-

61 3990 66 4006 .
157 3925 293 3982 tendunt.
310 3927 412 3996 ltaque
423 3922 567 3996 quidquid
582 3926 696 3979 tantum
706 3922 805 3992 alitur,
821 3939 879 3978 uon
891 3922 980 3979 stium
1035 3925 1747 3999 tisimpendit.Unumquidem,utrerumnaturas
1761 3928 1862 4000 inqui·

158 4013 261 4081 sentit,
271 4011 416 4086 quidquid
426 4028 494 4068 vero
516 4011 625 4067 sentire
644 4013 750 4083 potest,
762 4010 788 4066 ei
799 4009 896 4082 prima
910 4028 980 4081 quo·
1036 4015 1152 4072 silionis
1168 4014 1543 4087 certarationeoognosoat3
1560 4015 1686 4073 alterum
1698 4033 1776 4084 vero,
1787 4018 1864 4072 utad

156 4117 215 4175 que
229 4102 273 4160 vis
298 4100 414 4172 animae,
427 4100 567 4157 nascendi
589 4099 701 4156 scilieet
723 4104 810 4172 atque
832 4099 981 4156 nutriendi
995 4076 1019 4144 c
1038 4103 1194 4160 scientiam
1208 4104 1291 4176 prins
1306 4103 1404 4159 veniat
1419 4105 1497 4176 quod
1515 4110 1582 4176 post
1597 4106 1726 4176 gravitas
1744 4103 1865 4161 moralis

159 4192 301 4266 probatur
315 4207 380 4249 esse
395 4192 539 4263 subjecta.
553 4189 666 4255 Quibus
681 4205 750 4245 vero
766 4205 873 4247 seusus
888 4191 982 4264 adest,
1036 4197 1180 4260 exerceat,
1192 4192 1299 4263 quibus
1310 4191 1652 4265 inquirendisparmnltn
1666 4209 1732 4249 esse
1743 4209 1864 4249 necesso

63 4306 66 4311 ¹
158 4299 216 4339 uon
241 4287 358 4340 tautum
387 4296 436 4337 eas
456 4296 555 4337 rerum
582 4279 703 4352 capiunt
727 4280 847 4347 formas,
873 4280 983 4352 quibus
1037 4285 1092 4348 est,
1110 4297 1173 4352 qua
1188 4281 1384 4352 vestigantem
1410 4280 1575 4336 animumn
1597 4282 1669 4337 recti
1684 4282 1788 4338 itinere
1803 4299 1862 4337 oon

158 4371 292 4429 sensibili
317 4386 438 4442 corpore
462 4369 597 4427 teruntur
620 4371 775 4441 praesente,
791 4367 842 4425 sed
863 4368 985 4426 absente
1038 4369 1194 4425 minimum
1202 4369 1648 4441 progressionededucantmtin
1662 4370 1866 4426 multisevsuit

160 4474 288 4533 qnoque,
318 4456 570 4530 sensibilibusque
594 4457 738 4529 supositis
758 4461 827 4513 sote
855 4457 985 4528 cognita·
1037 4457 1500 4530 Epionuqquiatomismnndum
1513 4463 1648 4515 constare
1664 4464 1758 4531 putat,
1771 4459 1864 4515 otho·

161 4564 227 4604 rnm
239 4563 328 4605 sensu
341 4548 502 4604 formarum
515 4544 659 4618 imagines
672 4549 783 4614 teuent,
797 4544 985 4601 memoriam·
1039 4551 1155 4603 nestum
1174 4546 1305 4619 corporis
1320 4545 1471 4619 voluptate
1487 4546 1621 4603 metitur.
1639 4547 1810 4605 Hocautem
1824 4548 1868 4602 id·

162 4653 218 4710 que
246 4635 415 4704 conficiunt,
441 4637 470 4689 et
494 4638 581 4705 prout
605 4633 744 4705 quodque
767 4632 877 4689 animal
898 4632 985 4701 valet,
1039 4634 1708 4706 circohuicntquealiisacoidissemanifestum
1731 4642 1869 4707 estquo-

20 4764 25 4771 -
47 4772 50 4777 .
160 4725 280 4798 lougius
290 4724 467 4796 breviusque
478 4722 616 4778 custodit.
629 4722 685 4777 Sed
701 4738 750 4777 ons
761 4721 987 4794 imaginationes
1040 4723 1702 4799 niamperimperitiamdisputandlquidquid
1715 4725 1871 4782 ratiocina-

161 4813 300 4871 oonlosas
315 4816 403 4885 atque
419 4810 602 4869 inevidentes
616 4809 658 4866 sio
675 4813 811 4878 sumunt,
824 4808 942 4866 utnibil
953 4825 987 4866 ex
1041 4816 1120 4871 tione
1149 4811 1433 4884 comprehenderant
1457 4814 1517 4870 beo
1533 4815 1563 4870 in
1591 4832 1637 4872 res
1653 4830 1767 4888 quoqne
1790 4814 1872 4887 ipsas

140 4943 141 4948 η
164 4918 265 4961 aarum
281 4900 490 4972 coniunctione
510 4915 544 4956 so
560 4899 774 4971 compositione
790 4898 904 4955 allicere
916 4915 987 4972 pos·
1041 4902 1158 4960 evenire
1182 4899 1371 4957 arbitrantur.
1390 4900 1441 4957 liic
1463 4918 1531 4959 voro
1548 4920 1675 4975 magnus
1705 4907 1750 4960 est
1765 4916 1870 4959 error:

163 4989 450 5064 sintatqneidoirco
468 4988 638 5045 meminisse
653 4986 772 5060 quidem
788 4992 924 5059 possunt,
935 5004 988 5044 neo
1043 5008 1095 5048 neo
1110 4990 1190 5046 enim
1205 5004 1270 5046 sese
1281 5006 1327 5046 res
1344 4995 1376 5046 ut
1389 4990 1419 5046 in
1435 4992 1579 5060 numeris,
1592 4993 1633 5048 ita
1643 4994 1731 5049 ctiam
1744 4993 1773 5048 in
1785 4992 1875 5048 ratio·

164 5095 246 5152 aque
259 5077 369 5136 omnia.
386 5077 503 5135 Amissa
524 5091 592 5133 vero
607 5075 764 5146 oblivione,
785 5077 928 5133 memoria
942 5093 987 5134 re·
1042 5078 1243 5136 cinationibus
1260 5078 1358 5137 babet.
1375 5082 1407 5136 lu
1431 5081 1564 5137 numeris
1580 5083 1658 5137 enim
1681 5080 1827 5154 quidquid
1843 5079 1874 5136 iu

165 5167 303 5240 colligere
314 5183 347 5223 oo
361 5182 495 5222 revocare
510 5181 568 5221 non
584 5167 719 5236 possunt.
738 5163 838 5219 Futuri
861 5181 927 5222 vero
943 5166 990 5223 bis
1042 5167 1228 5241 digitisreote
1244 5168 1558 5240 computantisovenit,
1575 5170 1777 5226 idsiuednbio
1788 5169 1873 5225 iures

165 5254 447 5329 nullacognitioest.
464 5253 521 5310 Sed
537 5252 641 5309 noima
656 5251 796 5308 vistertia
810 5269 875 5326 quse
888 5270 989 5311 socom
1043 5273 1162 5332 quoque
1177 5257 1259 5330 ipsas
1271 5272 1391 5314 necesse
1406 5263 1451 5315 est
1466 5260 1602 5316 evenire:
1620 5266 1652 5316 ut
1667 5260 1691 5316 si
1707 5278 1741 5317 ex
1756 5257 1874 5317 calculo

164 5343 277 5418 priores
306 5341 403 5400 alendi
431 5358 465 5398 ao
495 5342 639 5398 sentiendi
667 5340 862 5412 virestrabit,
887 5342 991 5417 hisque
1045 5347 1875 5422 centumessecontigerit‚ceutomqooqoeresillino-

164 5432 245 5491 vclct
270 5430 389 5488 famulis
417 5436 505 5503 alque
525 5430 732 5488 obedientibus
757 5431 859 5500 utitur,
888 5433 1126 5503 eodemDmero
1143 5436 1292 5507 subjectos
1316 5453 1381 5493 esse
1409 5454 1530 5495 necesse
1559 5444 1623 5496 est:
1641 5440 1695 5496 hoo
1720 5456 1787 5495 vero
1816 5454 1875 5493 noo

169 5527 232 5584 tota
246 5521 277 5579 in
292 5520 405 5578 ratione
426 5520 589 5577 constituta
601 5524 657 5588 est,
671 5535 763 5593 eaque
778 5519 822 5577 vel
849 5520 995 5581 interum
1050 5541 1133 5600 aque
1148 5524 1178 5582 in
1201 5526 1401 5599 disputatione
1417 5535 1532 5599 servat3
1559 5548 1612 5588 neo
1628 5533 1706 5589 euim
1733 5529 1879 5605 quidquid
