3892 6126
497 343 536 396 ΙΝ
554 343 692 398 monost
709 342 759 397 DE
776 335 1121 396 rnrsarass'rsmorta
1138 333 1263 388 abruto
1279 333 1457 390 SECUNDA.

438 460 538 519 Omnis
549 470 592 519 εει
606 464 690 522 bomo
700 465 871 535 nonjustua.
910 461 959 517 list
968 457 1075 531 aliquis
1090 456 1288 527 homoJusius.

430 559 533 616 Nullus
548 571 589 618 est
600 563 685 621 homo
698 563 793 634 justus
902 559 966 618 Non
980 556 1075 615 omnis
1091 563 1132 611 εει
1148 554 1233 610 homo
1249 569 1308 610 uon
1320 554 1425 624 iustus.

153 678 282 752 Hisergo
293 681 494 753 itadispositis,
507 687 528 742 si
538 686 689 744 affirmatio
699 687 943 744 universalisinli·
960 690 988 758 Α
1004 697 1100 738 rursus
1111 696 1175 736 rara
1190 688 1232 735 est
1244 679 1412 735 universalis
1422 678 1546 750 simplex
1554 679 1676 751 negailo,
1702 679 1772 736 falsa
1787 682 1830 736 est

112 769 177 825 uita
194 785 274 826 reesa
289 772 336 842 sit,
352 787 386 827 ca
401 775 550 844 quadioii,
564 776 658 832 omnis
669 782 713 834 εει
725 777 809 833 homo
826 793 884 832 non
897 776 945 847 ia·
999 769 1178 844 particularis
1194 766 1313 839 simplex
1331 767 1504 836 aibrma1i03
1520 769 1569 824 sed
1586 769 1757 824 universalis
1786 770 1829 825 al-

111 861 188 929 sius,
203 875 271 915 rara
299 869 340 917 est
361 862 448 918 eiiam
472 881 504 919 ea
520 881 585 937 qua
612 871 756 938 proponli,
783 868 879 923 nullus
903 872 945 921 osi
1000 859 1122 916 firmaiio
1135 859 1249 915 infinita
1260 867 1287 913 ει
1298 857 1468 914 universalis
1480 858 1591 927 negatio
1606 858 1727 928 simplex
1740 855 1827 914 simul

110 946 200 1005 bomo
213 950 318 1017 iusius,
335 966 398 1021 quae
412 961 454 1008 eet
472 954 644 1010 universalis
659 955 780 1025 simplex
807 956 920 1027 negatio
935 975 942 1024 3
997 966 1070 1005 vere
1082 954 1160 1014 sunl,
1173 948 1259 1004 siniul
1273 948 1357 1017 igitur
1368 955 1448 1003 erunt
1462 947 1539 1003 tarsae
1551 947 1729 1018 parlloularis
1748 947 1827 1003 eillr-

110 1037 166 1093 hoo
182 1044 280 1094 aulem
296 1040 399 1096 melius
410 1041 827 1115 ininierioribuscognoscitur
843 1059 943 1101 exem›
998 1038 1086 1094 matio
1097 1037 1216 1107 simplex
1229 1035 1568 1107 etpurricularisiuilnila
1596 1038 1719 1109 negatio.
1736 1037 1828 1103 Quare

109 1124 180 1196 plis.
196 1126 316 1183 Diuulur
329 1128 417 1196 enim,
434 1132 528 1187 omnis
539 1145 582 1188 est
598 1133 682 1189 homo
694 1150 752 1190 uon
771 1134 942 1205 quadrupes,
999 1127 1059 1183 haeo
1072 1142 1195 1198 quoque,
1209 1127 1237 1181 id
1253 1133 1297 1182 εει
1321 1125 1499 1195 particularis
1526 1125 1679 1182 allirmaiio
1705 1126 1827 1195 simplex

111 1231 177 1272 vem
193 1224 248 1283 esi,
269 1233 368 1274 rursus
392 1219 489 1275 nullus
503 1225 547 1278 est
571 1221 657 1279 bunio
686 1222 857 1293 quadrupes,
883 1221 943 1278 bec
996 1225 1024 1272 ει
1040 1215 1219 1287 particularis
1235 1213 1636 1271 infinitosibimeiiuroriiate
1656 1222 1683 1271 ει
1706 1214 1827 1272 salsilalo

112 1311 515 1380 quoquoveraestzquodsi
534 1310 707 1368 unaharum
724 1312 853 1381 sitlulsa,
870 1312 941 1367 laisa
995 1305 1196 1373 consentiunt,
1212 1312 1239 1361 et
1252 1303 1401 1360 veritatem
1417 1319 1499 1360 suam
1528 1311 1555 1360 ει
1584 1305 1766 1360 mendacium
1782 1305 1827 1361 iu·

112 1398 291 1468 quoqueerit
319 1405 347 1454 et
376 1398 474 1454 nirata,
499 1399 609 1455 Nomai
630 1400 699 1456 falsa
722 1398 783 1470 εει,
805 1402 941 1472 quoniam
996 1395 1330 1465 rioemoonsequuntur.
1358 1395 1451 1458 Quare
1481 1392 1635 1449 affirmatio
1659 1393 1774 1465 quidem
1798 1400 1825 1449 ει

113 1486 261 1541 omnisesi
276 1486 361 1542 homo
376 1489 552 1556 eopiosior,
569 1490 642 1545 sicut
659 1506 723 1546 rere
743 1506 855 1561 quoque
872 1489 942 1546 salsa
996 1485 1123 1555 negatio,
1141 1492 1258 1555 uiraque
1274 1481 1447 1540 universalis
1463 1482 1523 1538 hae
1538 1482 1671 1554 simplex,
1685 1483 1734 1539 illa
1764 1481 1826 1539 ind·

117 1581 165 1640 εει,
180 1573 230 1630 illa
241 1591 353 1646 quoque
369 1576 481 1648 negatio
492 1577 613 1649 simplex
631 1579 852 1635 mendacissime
869 1595 939 1647 pre·
996 1574 1066 1638 uita,
1082 1579 1241 1644 sequunlur
1256 1588 1318 1628 sese
1333 1572 1444 1642 sibique
1457 1571 1653 1628 couseniiuni.
1670 1571 1826 1628 Particula-

119 1661 214 1719 diearir
228 1680 290 1736 (με
308 1665 387 1735 dieii,
404 1667 502 1722 rioilus
518 1675 559 1722 est
571 1667 655 1723 bomo
672 1669 775 1739 josias.
803 1669 942 1732 Quocirca
995 1678 1039 1718 res
1051 1670 1157 1729 autem,
1171 1662 1197 1718 id
1209 1667 1252 1718 esi
1265 1661 1472 1718 urrirersalibus
1483 1661 1618 1732 opposire
1629 1661 1751 1733 simplex
1779 1661 1825 1717 al·

124 1750 264 1808 ulllrmaiio
279 1753 449 1810 universalis
465 1755 579 1811 infinita
596 1762 624 1813 et
639 1759 752 1827 negatio
773 1757 941 1813 universalis
995 1750 1540 1822 firmatiraetnegaiirainfinita,ipse
1569 1765 1680 1821 quoque
1710 1749 1825 1807 sibimet

129 1840 234 1913 simplex
247 1843 361 1898 sibimet
374 1845 568 1911 consentiunt,
580 1850 621 1913 ut,
632 1863 688 1902 una
712 1862 791 1915 vcra,
821 1845 939 1902 alteram
993 1841 1189 1898 consentiunt.
1205 1843 1274 1906 Quae
1289 1845 1385 1897 reclus
1400 1841 1471 1897 ordo
1486 1843 1539 1908 est,
1556 1849 1587 1894 ει
1602 1839 1676 1895 siout
1699 1839 1824 1897 albema-

132 1945 205 1988 reram
220 1949 283 1988 εεεε
299 1949 416 1989 εεεεεεε
433 1934 489 2001 sit3
515 1933 635 1990 oilerius
651 1935 805 1991 lalsiieiem
823 1935 939 2006 reliquae
994 1929 1065 1986 iloni
1081 1929 1234 1986 universali
1250 1929 1371 1984 infinitas
1387 1928 1529 1985 consentit
1544 1926 1663 1998 simplex
1676 1928 1824 1987 universa-

136 2031 225 2091 qaoque
240 2019 349 2076 saisias
364 2026 564 2090 consequatur.
582 2024 658 2078 idern
676 2039 789 2094 quoque
804 2023 937 2078 evcnilin
994 2017 1030 2074 lis
1045 2020 1167 2087 negatio,
1185 2021 1224 2074 iia
1241 2018 1406 2088 particulari
1422 2017 1605 2073 affirmationi
1621 2018 1745 2089 simplici
1758 2034 1822 2088 par·

137 2111 195 2167 parre
205 2101 302 2167 alteru,
319 2101 491 2158 namsivera
506 2107 559 2169 est,
575 2103 712 2174 quoniam
725 2105 839 2175 quidam
852 2103 937 2160 homo
991 2107 1124 2163 tioularis
1139 2108 1251 2171 naratio
1266 2106 1380 2162 infinita
1394 2109 1564 2163 consentiat.

138 2188 207 2255 justus
219 2201 269 2259 εει,
286 2207 352 2247 rora
367 2207 478 2263 quoquc
493 2200 547 2259 εει,
563 2195 697 2263 εεοείεει
715 2211 773 2250 εεε
788 2195 883 2250 omnis
896 2200 937 2249 εει
1029 2199 1210 2269 Manifestum
1225 2200 1376 2263 estoelem,
1387 2197 1519 2269 quoniam
1531 2195 1821 2265 rtiominsinpaiam'-

140 2272 267 2335 bomouon
281 2281 387 2351 justus,
407 2290 449 2337 εει
465 2281 667 2353 animaliquis:
681 2300 747 2338 nram
763 2284 787 2339 si
803 2283 878 2354 quod
894 2282 936 2338 dl·
992 2290 1051 2357 tar,
1067 2291 1092 2345 ri
1107 2293 1145 2344 est
1161 2305 1257 2344 aeram
1272 2287 1476 2356 interropatcm
1490 2302 1593 2358 sopore
1608 2287 1714 2360 quodet
1736 2289 1818 2357 offis.

82 2430 85 2435 .
142 2363 393 2437 llllbssilssomnis,
423 2372 668 2438 tantumdemst,
688 2371 936 2444 lanquamsiquls
990 2378 1816 2448 mareveramretmt,rotomesocratessapieesesridm.

77 2476 80 2517 ι
142 2449 203 2520 ἀῙῦῑῐ.
216 2457 331 2526 quidam
344 2474 402 2514 1101!
417 2465 470 2527 esi,
483 2460 556 2529 quod
573 2460 601 2514 ἰιι
614 2460 794 2532 unoquoque
804 2461 935 2531 θιθιιιιιῐῡ
989 2469 1114 2525 Socrates
1124 2468 1280 2541 iqiiurnon
1290 2469 1460 2535 sapieniam.
1480 2468 1512 2522 la
1531 2468 1737 2523 uniuersalibus
1751 2485 1814 2526 uero

144 2542 293 2601 maitesrius
308 2547 465 2617 apparebit.
487 2548 514 2603 Si
530 2548 694 2618 quisdicat,
711 2567 768 2606 nou
784 2552 879 2607 oannis
893 2559 935 2606 εει
988 2574 1045 2614 non
1055 2566 1095 2614 cst
1105 2554 1382 2628 oeraqaaerimiliter
1392 2558 1516 2618 elicitam
1530 2563 1640 2613 peraeae
1651 2566 1742 2612 aerem
1763 2574 1813 2615 ne.

145 2626 205 2688 bomo
227 2636 330 2705 justus,
347 2636 403 2693 hoc
417 2646 460 2694 εει
474 2638 581 2704 dicere,
606 2640 724 2710 quidem
742 2642 826 2697 bomo
840 2641 935 2722 justus
988 2649 1075 2718 pretio,
1086 2649 1253 2706 ut.Putasoe
1263 2644 1441 2701 omnishomo
1451 2647 1558 2707 moieno
1566 2647 1700 2701 ostillon.
1716 2647 1815 2703 Ouinio

142 2733 182 2778 uun
193 2734 243 2794 est;
258 2744 326 2797 ergo
336 2744 393 2784 nou
409 2731 514 2798 uronis,
533 2732 648 2801 quidam
661 2733 891 2805 non,slgn1srcet.
903 2731 934 2788 Si
988 2737 1077 2808 iqitur
1087 2736 1165 2792 bomo
1176 2752 1233 2791 reon
1242 2737 1357 2804 sopiens
1366 2743 1422 2791 est:
1435 2736 1484 2790 boo
1495 2738 1618 2791 soimeri
1631 2737 1746 2807 salsum,
1757 2736 1813 2806 sed,

143 2811 186 2878 quir
196 2831 255 2885 ergo
270 2818 308 2873 ila
325 2827 474 2889 proponat,
485 2820 600 2890 quidam
613 2821 698 2878 bomo
708 2824 932 2893 nonjusiusnoa
987 2841 1042 2881 oon
1058 2827 1147 2894 iqitor
1162 2825 1345 2880 omnishomo
1360 2824 1471 2894 sopiens
1495 2834 1545 2891 est,
1569 2841 1640 2881 ocra
1666 2831 1732 2888 oste
1755 2826 1814 2883 baca

142 2906 177 2967 ⁸⁵¹,
189 2920 262 2975 quem
277 2907 346 2964 dicii
364 2924 555 2968 nonessenon
566 2911 717 2983 injustum,
728 2914 933 2984 injustumesse
986 2916 1062 2970 enim
1072 2916 1196 2985 opposita
1208 2918 1257 2979 est,
1275 2914 1326 2969 illo
1341 2928 1402 2969 uero
1416 2915 1571 2970 corbaria.

140 2990 272 3050 coufirmat.
290 2997 382 3062 Quare
399 2996 448 3053 ille
463 2999 497 3055 de
513 3018 569 3072 quo
583 3001 697 3068 dicitur,
713 3004 848 3074 quoniam
874 3017 931 3057 non
1023 3005 1062 3060 De
1078 3001 1283 3074 consequentia
1298 3003 1522 3074 proposirionum
1539 3005 1698 3075 disputans,
1711 3013 1738 3061 et
1758 3005 1814 3062 sibl

136 3073 202 3143 jurias
216 3092 340 3152 11011951,
354 3088 523 3156 eiiljuslus.
540 3089 620 3146 Unde
636 3091 666 3145 fil
682 3095 712 3146 ui
727 3107 758 3146 ee
774 3109 836 3161 quae
852 3090 930 3159 diali,
986 3090 1688 3166 quemadmodumconsentirentillumiractatum
1701 3109 1815 3164 parum·

137 3173 271 3230 ronomnls
285 3183 329 3230 εει
346 3174 430 3234 homo
447 3195 504 3234 non
528 3180 632 3249 jasius,
648 3181 807 3236 consentiat
829 3181 855 3236 el
870 3195 931 3251 εει
986 3200 1036 3253 per
1051 3198 1181 3254 egressus
1195 3183 1299 3238 docere
1315 3182 1472 3250 proposuit,
1488 3197 1550 3254 qua
1564 3182 1681 3238 veniant
1710 3182 1740 3239 ia
1768 3199 1814 3240 re·

135 3252 192 3323 dieii,
205 3262 323 3334 quidem
340 3263 424 3321 homo
435 3266 595 3337 jasiusest.
608 3269 661 3324 Sed
676 3269 735 3324 haec
747 3284 933 3326 nonoonsen·
985 3272 1169 3343 sponsionem
1185 3272 1221 3327 de
1236 3269 1440 3337 singularibus,
1461 3270 1484 3324 si
1515 3272 1549 3325 ad
1580 3271 1812 3343 predicationem

134 3341 153 3399 ll
164 3350 182 3404 ei
196 3367 257 3422 quae
272 3353 354 3421 dicit,
370 3355 486 3424 quidam
517 3358 602 3415 bomo
615 3376 673 3415 non
686 3359 781 3428 juslus
804 3367 856 3428 εει,
872 3375 930 3415 nou
986 3361 1111 3432 ipsarum
1126 3362 1165 3416 sii
1180 3360 1318 3432 particula
1333 3358 1493 3427 negationis
1508 3361 1647 3429 apposila,
1662 3377 1726 3432 quae
1753 3377 1813 3418 rur·

132 3431 195 3503 ιιὶιει·
207 3440 267 3498 baso
282 3444 429 3499 consentit
446 3445 470 3501 ei
493 3464 555 3517 quae
584 3451 727 3519 proponit,
758 3466 817 3505 non
837 3449 932 3505 omnis
947 3422 968 3488 C
987 3452 1072 3506 ausin
1086 3450 1130 3506 his
1141 3465 1201 3519 que
1213 3450 1248 3504 de
1261 3447 1469 3504 universalibus
1481 3458 1548 3504 suni
1559 3451 1812 3520 propositionibus,

134 3520 195 3583 loma
209 3539 248 3586 est
265 3548 324 3587 non
341 3533 441 3603 jasius.
458 3538 511 3592 sed
530 3538 667 3608 quoniam
686 3538 739 3594 boo
751 3538 869 3594 larissae
883 3539 934 3594 ali·
988 3541 1013 3596 ai
1028 3541 1062 3594 ad
1079 3537 1307 3609 predicationem
1321 3537 1419 3592 addita
1435 3538 1574 3607 particula
1598 3540 1727 3609 negaiiva
1743 3556 1812 3596 con·

133 3622 248 3681 rualenus
266 3621 379 3677 videtur
401 3624 560 3690 obscurius,
577 3628 789 3697 consequentias
804 3628 933 3699 ipsarum
988 3639 1194 3700 castanaeque
1204 3629 1280 3684 enim
1293 3635 1402 3697 oporiet
1420 3628 1553 3684 similiter
1577 3629 1667 3685 lacero
1681 3631 1812 3687 enuntia-

134 3697 169 3760 διε
182 3711 261 3765 morlo
274 3712 421 3766 sumenda
437 3724 515 3770 suni.
528 3716 625 3786 Silque
638 3716 719 3772 nobis
736 3717 789 3772 lanc
807 3717 932 3789 positum
990 3721 1090 3777 tiones.
1102 3724 1164 3774 Non
1176 3719 1253 3774 enim
1268 3716 1411 3772 sirnileesi
1422 3723 1494 3786 quod
1509 3734 1544 3773 ex
1568 3724 1686 3788 utraque
1710 3720 1814 3789 praedi-

136 3790 328 3855 illirmationem
341 3801 528 3859 universalem
542 3805 696 3869 inlinitum,
713 3815 740 3860 et
752 3808 931 3863 iterationem
987 3810 1101 3866 catione
1111 3807 1263 3873 eonllnrril.
1276 3807 1332 3861 lloo
1344 3815 1439 3860 aulem
1456 3806 1685 3862 itanraniiestum
1698 3817 1740 3864 εει
1755 3824 1762 3864 :
1789 3809 1813 3865 si

137 3883 297 3944 lulrrrsrlem
309 3891 469 3957 simplicem
481 3894 593 3949 sibimet
606 3897 779 3962 consentire,
796 3903 825 3950 ut
844 3910 933 3949 unius
989 3901 1056 3971 quis
1067 3900 1102 3954 de
1117 3895 1254 3962 singulari
1270 3895 1367 3962 aliquo
1382 3896 1572 3956 interroaatus
1588 3906 1680 3961 neret,
1700 3899 1749 3953 ille
1764 3900 1814 3970 qul

77 3980 79 3984 ’
136 3972 252 4033 'ritatem
266 3987 294 4033 el
319 3979 479 4050 falsitatem,
505 3983 622 4038 alterius
634 3985 741 4039 veritas
758 3994 805 4039 aut
827 3984 933 4039 labiles
988 3984 1199 4055 inrerrogaverii
1215 3990 1307 4054 potest
1324 3982 1416 4039 lacere
1430 4000 1463 4038 ex
1478 3984 1602 4039 iniiniuo
1615 3986 1730 4041 nominc
1742 4004 1812 4055 prae-

138 4068 311 4135 obsequatur.
327 4070 354 4122 Si
377 4070 446 4126 salsa
462 4079 504 4127 est
519 4073 671 4130 affirmatio
687 4075 801 4129 inirriita
818 4075 932 4129 uuivor-
987 4077 1080 4132 dicato
1096 4073 1323 4137 conclusionem,
1341 4071 1418 4127 illam
1435 4071 1544 4127 scilicet
1557 4075 1736 4138 necationem
1744 4074 1813 4143 jun·

77 4155 79 4165 ’
139 4145 249 4224 talisque
269 4158 350 4227 nicil,
363 4160 505 4217 omnisesl
519 4162 668 4219 bomonon
681 4164 785 4234 justus,
801 4180 865 4220 rere
880 4163 932 4218 erit
987 4181 1057 4236 gens
1072 4179 1155 4233 quam
1174 4161 1348 4231 respondens
1362 4165 1429 4216 aute
1445 4169 1606 4227 negaverat,
1623 4171 1649 4216 ει
1661 4162 1714 4217 boo
1737 4177 1814 4217 vera-

140 4228 186 4295 laic
197 4247 320 4315 opposita
334 4250 516 4316 pariicularis
532 4252 646 4307 inlinita
661 4254 774 4321 argalio
789 4269 850 4323 quas
868 4269 933 4322 pro·
988 4254 1057 4310 oirer
1073 4250 1249 4320 praedicabit.
1268 4254 1305 4305 De
1320 4247 1531 4304 universalibus
1546 4255 1642 4305 autem
1667 4250 1814 4319 apparebit

141 4329 383 4400 ttulinonomnts
402 4347 444 4395 εει
474 4339 632 4398 homonon
657 4342 835 4413 justus;sed
866 4358 931 4398 cum
988 4359 1045 4398 non
1062 4342 1192 4396 eanrdem
1208 4337 1354 4394 reriratem
1371 4353 1454 4408 posse
1469 4339 1644 4409 contingere,
1661 4340 1685 4395 si
1708 4356 1742 4394 ex
1768 4339 1815 4395 his

142 4405 189 4471 ¹¹¹³t
201 4432 237 4477 est
251 4424 406 4484 affirmatio
423 4430 723 4496 universalisinliniia,
741 4432 809 4486 ielsa
821 4447 932 4502 quoque
987 4433 1267 4497 affirmatiooompon
1277 4425 1533 4497 dur-Siquisrnim
1543 4428 1697 4497 interroget
1711 4428 1812 4500 alium,

143 4500 161 4550 ‘l
171 4511 320 4571 universalis
335 4515 458 4587 simplex
476 4520 587 4589 negatio
601 4537 662 4591 quae
679 4520 759 4586 dieii,
778 4521 875 4576 nullus
890 4526 932 4577 est
988 4519 1366 4590 PutasneSocratessapiens
1377 4518 1439 4574 esi‘l
1457 4520 1481 4575 si
1496 4519 1545 4576 ille
1560 4522 1721 4588 respondet.
1739 4521 1812 4589 Non,

77 4602 79 4609 ’
144 4579 301 4670 leonianus
318 4623 326 4671 ;
341 4608 388 4660 sed
407 4606 459 4663 beo
471 4608 539 4663 inlsa
552 4608 752 4682 particularem
768 4611 930 4666 ul'iirxnaiio·
987 4628 1052 4670 vere
1067 4610 1114 4665 ille
1125 4606 1271 4664 concludit
1285 4607 1403 4664 dicens:
1430 4608 1559 4665 Socrates
1585 4609 1672 4679 igitur
1700 4627 1757 4667 non
1771 4627 1815 4667 sa·

77 4691 80 4699 ’
144 4682 252 4757 nebiquae
268 4694 336 4750 boio
350 4696 577 4753 contradictoriae
607 4699 738 4771 opposita
768 4708 819 4767 est,
837 4715 930 4755 reram
987 4703 1133 4775 piensest.
1151 4698 1182 4754 si
1210 4704 1304 4753 aulem
1334 4696 1389 4752 hoo
1416 4712 1527 4769 quoque
1553 4699 1584 4755 in
1611 4700 1668 4756 alio
1698 4700 1815 4756 clariori

77 4794 80 4802 ¹
145 4772 184 4824 εςιι
196 4791 303 4838 εεεεεεε
318 4791 360 4838 εει
376 4801 438 4856 quaa
458 4796 510 4854 est,
538 4789 652 4859 quidam
672 4789 757 4844 homo
770 4791 864 4859 justus
879 4797 930 4847 εει.
948 4781 971 4846 D
986 4791 1117 4861 exemplo
1133 4787 1749 4861 manilesium.Siinterruperemusallquem
1763 4793 1816 4848 boo

77 4874 79 4895 ²
145 4846 253 4939 Qlibitos,
268 4875 543 4942 quandonllirmatio
554 4878 723 4933 universalis
736 4878 848 4934 inlinita
866 4880 935 4936 tatso
990 4879 1270 4939 modotssooratesne
1282 4880 1429 4932 Romanus
1439 4876 1600 4948 uariatque
1623 4878 1673 4934 ille
1698 4896 1816 4951 respou-

146 4948 238 5012 itinn
253 4970 295 5016 esi
312 4966 492 5033 parlicularis
508 4967 623 5022 inliniia
639 4969 761 5037 naualia,
778 4969 934 5040 siquando
990 4973 1053 5028 deal
1065 4986 1072 5025 :
1084 4973 1159 5033 Non,
1170 4984 1222 5022 nos
1232 4982 1298 5021 vere
1308 4964 1480 5022 concludere
1489 4981 1658 5035 possumus:
1683 4969 1817 5024 Socrates

145 5032 273 5104 ulterialis
292 5053 406 5122 erogatio
438 5055 558 5124 simplex
576 5057 645 5110 ielsa
661 5065 714 5125 est,
732 5074 793 5112 rera
809 5068 848 5115 ed
865 5060 933 5114 sim·
989 5062 1141 5119 iriturnon
1153 5054 1713 5125 Rauranusestd'aoieniesexnegalione
1728 5072 1816 5128 quam

77 5134 81 5145 '
146 5115 338 5196 illinitirmatio
364 5144 622 5212 perrienlaris.Snl
653 5147 933 5204 affirmatiouniver·
989 5143 1249 5217 illaresponuebat,
1267 5151 1292 5198 ei
1309 5159 1344 5198 ex
1359 5144 1562 5211 norninoquod
1580 5144 1608 5199 in
1630 5146 1816 5215 propositioro

77 5246 80 5251 ·
144 5207 188 5269 ⁸¹5³
199 5223 305 5285 inunita
320 5242 344 5284 ει
357 5235 469 5299 aemilio
482 5236 780 5308 universalissirnplex
791 5237 936 5293 simullai·
990 5235 1207 5309 predicarimus
1221 5233 1440 5289 attirmartonem
1457 5249 1491 5290 ox
1507 5233 1619 5289 inbnilo
1631 5235 1747 5290 nonrine
1757 5250 1816 5290 oure

77 5314 82 5337 ⁵
144 5302 452 5391 fferrnteisibirneiin
483 5324 933 5393 falsilateconseutiuni;simul
989 5323 1817 5392 dicit:Socratesnonsapiensest,velSocratesuonlio·

144 5392 200 5475 littus
211 5419 278 5460 vera
293 5419 380 5465 eruut
396 5410 519 5480 simplex
536 5415 714 5482 particularis
729 5414 892 5472 albirrnaiio
907 5421 936 5472 ει
990 5430 1093 5473 ιεεεεε
1108 5417 1160 5467 εει.
1180 5410 1235 5466 Has
1250 5410 1328 5467 onim
1345 5410 1552 5467 allirmariones
1567 5428 1630 5468 esse
1646 5429 1679 5469 ex
1704 5413 1818 5466 inlinito

144 5480 222 5547 'linita
239 5498 350 5561 noeane
367 5502 546 5561 particularis
571 5505 678 5560 Rursus
693 5505 715 5560 si
728 5522 793 5561 vora
805 5516 844 5562 est
858 5505 936 5561 aillr·
989 5504 1109 5562 nomine
1121 5517 1208 5568 supra
1223 5506 1410 5556 monstratum
1424 5506 1477 5558 εει.
1489 5502 1516 5555 Si
1528 5501 1613 5562 ἰιιίιιιι
1623 5504 1721 5556 roden·
1734 5501 1818 5555 ¹1¹0d⁰

143 5571 201 5632 batia
212 5584 376 5643 unirersalis
387 5588 511 5660 iniinrla,
528 5592 598 5648 falsa
613 5594 668 5651 erit
681 5595 792 5666 negatio
809 5593 934 5663 partiou-
990 5593 1094 5664 aliquis
1110 5591 1139 5646 in
1155 5589 1367 5646 universalibus
1382 5591 1520 5658 subjectis
1531 5594 1683 5651 inlerrutel
1695 5589 1794 5642 ‘licens
1811 5616 1818 5655 :

143 5646 190 5720 Ιιήι
200 5668 317 5749 inunita,
333 5677 361 5733 ei
375 5680 453 5738 euim
463 5683 692 5741 coniradiotoria
703 5685 833 5758 opposita
844 5691 896 5740 ost.
908 5683 938 5741 Si
990 5680 1131 5741 barrisno
1147 5678 1232 5735 homo
1248 5679 1362 5749 rapiens
1376 5677 1443 5734 esti
1457 5693 1511 5736 nos
1526 5677 1626 5747 utique
1641 5674 1824 5748 respondebi-
