3892 6126
16 272 29 320 ⁵
116 310 171 367 ste
755 306 813 360 aa.
832 304 943 359 uana.
962 303 1042 359 eun.
1062 304 1182 360 eoarn
1770 303 1827 361 eso

117 436 190 508 quod
205 436 364 494 secundum
379 432 513 490 accidens
526 428 744 502 praedicabatur,
755 429 858 486 falsum
868 443 941 487 con·
954 427 983 496 Α
997 444 1032 484 oa
1051 445 1303 487 anumtaatontous
1320 446 1461 488 uouoauu
1480 446 1641 498 reserante,
1675 447 1827 489 matama-

118 527 199 583 tinno
214 526 369 597 reperitur;
388 524 459 593 quod
475 526 571 578 autem
587 521 716 575 addidit:
1149 536 1202 587 rte,
1221 535 1414 587 taroanense,
1435 538 1467 576 aa
1493 536 1663 577 uecessuon.

156 617 245 685 Quare
260 618 289 670 in
305 615 510 685 quibuscunque
523 611 682 681 pradicatio
695 609 941 666 contrarietatum
1028 609 1078 663 llis
1088 624 1150 665 uero
1161 608 1363 675 determinetis,
1373 609 1594 682 perspiciendum
1604 608 1828 682 estqueruutlmo·

120 705 203 772 inest,
218 708 243 760 sl
256 704 439 773 diffinitiones
453 718 502 772 pro
516 702 678 757 nominibus
692 698 833 765 dicuntur,
848 701 875 753 el
901 712 942 752 re·
993 697 1125 755 dumetae
1135 699 1447 770 baberetusqirmolioner
1457 700 1657 770 etneqolioner
1668 700 1744 757 nore
1755 699 1828 756 irrui·

116 794 238 850 otiolum
253 810 281 848 se
294 793 476 863 prmiioutur,
492 799 520 846 el
533 807 589 846 nou
605 789 754 846 secuudum
769 787 938 851 occidenain
992 788 1219 854 contenderet
1230 804 1293 860 quae
1304 795 1368 845 aunt
1378 790 1411 845 de
1421 791 1547 860 possibili
1557 794 1648 846 esreet
1658 806 1714 846 aron
1732 788 1827 860 porri-

116 884 159 939 luis
173 882 284 954 aliquid
299 893 325 937 et
339 882 504 950 simplicitet·
531 896 624 936 certem
652 878 709 935 erit
736 877 838 933 dicere.
864 875 940 944 Quod
993 876 1055 945 bili,
1069 878 1101 932 dc
1116 879 1287 949 contiuqeali
1302 882 1327 935 el
1342 895 1398 935 non
1411 879 1640 950 contirrqenti.rle
1653 878 1829 949 impossibili

115 981 207 1028 autem
221 988 276 1027 non
292 981 341 1037 est,
357 973 488 1041 qrtcrtiom
503 968 645 1041 opinabile
660 973 708 1037 eal,
724 983 778 1023 non
794 975 834 1022 est
847 982 939 1021 oerum
992 976 1019 1023 et
1032 968 1198 1037 necessario,
1215 969 1294 1025 babel
1307 969 1384 1025 enim
1398 971 1513 1041 uliquor
1528 969 1724 1025 dubtmtionea.

114 1062 276 1118 dicereesre
293 1059 697 1132 oliqoid;opinatiociureal‚
726 1073 781 1113 non
810 1057 942 1128 quonium
1027 1058 1130 1113 Omnis
1146 1060 1289 1130 proposito
1303 1067 1350 1114 aut
1366 1059 1429 1115 uiue
1445 1059 1503 1114 ullo
1533 1059 1619 1115 modo
1646 1055 1821 1128 stmpttotter

114 1155 166 1211 est.
182 1150 376 1221 sedquoniam
395 1166 462 1207 non.
991 1149 1204 1218 pronuntiatur,
1222 1153 1252 1203 ut
1266 1147 1398 1204 Socratas
1412 1147 1550 1218 ambulat,
1565 1156 1594 1204 ut
1605 1148 1666 1204 dies
1691 1155 1747 1214 est,
1776 1162 1812 1204 ue

152 1237 846 1310 anueuupradititonerationecolligitdicens:
857 1236 940 1300 Qum·
991 1237 1127 1308 quidquid
1135 1235 1308 1307 simplicitur
1319 1245 1346 1294 el
1355 1236 1623 1308 siueuliaquaiitale
1638 1236 1823 1307 preadicatur.

115 1345 231 1400 cunque
243 1346 276 1385 eo
287 1330 370 1385 modo
383 1330 724 1398 praedicantur‚utneque
735 1328 763 1381 in
774 1324 941 1381 nominibus
990 1324 1062 1381 Sunt
1076 1334 1169 1383 autem
1185 1326 1250 1382 aiiae
1267 1342 1329 1397 qua
1345 1342 1410 1383 cum
1422 1325 1545 1397 propriis
1564 1327 1702 1382 dicuntur
1717 1325 1824 1392 modis,

115 1434 209 1489 neque
218 1417 480 1474 indiffinitionibus
491 1417 615 1489 propriis
626 1417 751 1486 aliquam
766 1423 862 1470 tenent
871 1428 940 1469 con·
990 1419 1085 1482 otest,
1098 1420 1226 1472 Socrates
1238 1415 1373 1472 uelociter
1384 1415 1524 1471 ambulat.
1536 1414 1735 1471 ambulationi
1746 1414 1826 1471 euim

117 1507 369 1573 trarietatem,baec
394 1515 422 1563 et
445 1515 524 1563 extra
548 1506 774 1576 simpliciterque
788 1504 941 1573 eradicata
988 1504 1113 1561 Socratis
1128 1507 1230 1562 modus
1245 1513 1288 1561 εει
1303 1505 1432 1570 additus,
1451 1520 1520 1561 cum
1532 1506 1656 1560 dicimus
1666 1519 1732 1560 eum
1744 1504 1824 1561 velo·

116 1614 180 1653 vera
189 1605 299 1665 eunt,ut
313 1597 342 1651 in
351 1612 384 1652 eo
396 1598 469 1667 quod
481 1605 522 1652 est
533 1600 757 1665 mortuusatque
766 1595 860 1659 bomo,
879 1593 940 1650 hato
989 1595 1059 1651 citer
1069 1594 1227 1661 ambulare,
1239 1595 1382 1666 quomodo
1391 1595 1468 1650 cuim
1479 1593 1824 1665 ambataustgntttcatad

116 1683 940 1758 quidemnominibusnulliuscontrarietatiscontradictio-
989 1686 1064 1756 quud
1089 1685 1124 1741 de
1152 1685 1351 1740 ambulatione
1379 1681 1592 1755 ejusvelocitcr
1620 1684 1825 1755 predicamus.

117 1777 197 1832 nisse
207 1783 283 1830 sunt.
296 1774 349 1828 Sed
362 1774 385 1829 si
398 1775 497 1829 borant
507 1791 556 1844 pro
574 1773 740 1830 nominibus
752 1773 940 1828 diffinitiones
955 1784 979 1849 B
994 1772 1132 1829 Similiter
1147 1781 1242 1829 autem
1259 1775 1281 1826 si
1301 1773 1365 1843 quis
1380 1774 1468 1837 dicat.
1483 1776 1614 1828 Socrates
1630 1772 1703 1829 bene
1726 1774 1827 1830 doctus

117 1872 276 1928 sumantur,
287 1878 351 1918 mox
360 1864 543 1919 ootttrarietas
553 1862 742 1935 oppositionis
765 1862 938 1932 agnoscitur.
994 1868 1046 1930 est,
1058 1862 1302 1931 quemadmodum
1319 1861 1357 1915 sit
1372 1862 1475 1917 doctus
1501 1861 1638 1929 ostendit,
1661 1878 1714 1918 neu
1730 1862 1827 1919 solutu

116 1952 217 2023 Siquis
227 1956 305 2008 euim
316 1951 653 2008 bominisdiltiuitioncm
664 1951 783 2020 dederit,
795 1951 864 2006 dioit
879 1967 941 2006 esse
994 1951 1095 2007 doctus
1106 1950 1188 2015 dirit,
1205 1952 1253 2006 sed
1269 1952 1386 2006 modum
1404 1966 1515 2021 quoque
1530 1950 1667 2007 doctrinae
1695 1951 1827 2007 Socratis

116 2040 222 2099 animai
233 2041 381 2098 rationale.
394 2043 423 2098 Si
446 2042 512 2111 quis
538 2041 652 2107 monui,
668 2041 742 2096 dicet
757 2055 822 2096 esee
837 2055 940 2110 corpus
994 2041 1133 2112 adjunxit.
1149 2041 1203 2096 Sed
1220 2041 1357 2110 qnoniam
1374 2047 1441 2095 sunl
1456 2042 1531 2096 modi
1549 2040 1597 2095 alii
1614 2057 1664 2112 per
1679 2057 1754 2112 quos
1771 2039 1825 2096 aii·

116 2132 319 2201 ritaprivatum
331 2138 417 2202 atque
428 2130 631 2194 inanimatum,
655 2135 740 2199 atque
761 2145 795 2184 ea
813 2129 866 2184 hoe
884 2133 941 2186 totu
994 2131 1061 2202 quid
1079 2130 1139 2187 beri
1155 2146 1238 2202 posse
1253 2130 1387 2199 dicimus,
1403 2128 1513 2202 aliquid
1529 2145 1587 2185 non
1606 2145 1696 2198 posse,
1712 2129 1823 2201 aliquid

116 2219 549 2289 riscontradictionisapparet.
579 2219 716 2283 Quocirca
745 2218 769 2273 si
790 2227 941 2274 sumantur
995 2237 1113 2277 necesse
1129 2236 1202 2290 esse,
1218 2219 1327 2291 aliquid
1358 2220 1535 2289 continuere,
1565 2219 1700 2289 queritur
1731 2220 1759 2274 in
1777 2216 1824 2274 hie

20 2354 23 2359 .
50 2350 54 2357 -
115 2309 304 2366 diffinitiones
316 2325 365 2380 pro
379 2308 554 2376 nominibus,
567 2313 595 2363 ει
605 2308 634 2364 iu
646 2307 690 2363 his
714 2307 809 2378 aliqua
824 2312 940 2363 contra·
994 2325 1106 2381 qnoque
1122 2308 1364 2378 quemadmodum
1380 2308 1445 2363 lieri
1462 2308 1696 2364 contradictionis
1724 2307 1827 2382 debeaq

48 2438 52 2449 .
116 2399 224 2454 rietatis
239 2398 334 2453 inesse
349 2397 503 2466 videbitur,
517 2397 558 2452 rei
574 2397 595 2451 si
625 2397 781 2453 secundant
809 2395 941 2451 accidens
993 2396 1826 2470 oppositto;int1tsenimpropositionibusquestmpttat-

115 2488 222 2559 aliquid
237 2487 414 2557 praedicetur,
428 2494 508 2543 utest
520 2488 554 2542 de
566 2486 698 2550 buntaro,
719 2501 784 2542 cum
810 2484 941 2554 deposta
992 2492 1077 2545 teret
1103 2487 1166 2543 sine
1195 2487 1253 2541 ulio
1282 2487 1368 2543 modo
1398 2487 1601 2556 praedicantur,
1630 2485 1716 2541 iaoile
1743 2484 1826 2541 locus

118 2574 942 2647 principaliterpraediceturnonpredicabanturaimptici-
992 2575 1822 2647 cotttrartiattonisagnoscitur.HuJ'usenimaifirrnaainnie

116 2664 834 2736 tervereqaacunqoecompositapraedicabantur.
860 2666 938 2729 Quod
992 2666 1419 2739 quaesusuoratesambulat,
1451 2665 1564 2735 negatio
1593 2666 1617 2721 si
1648 2664 1822 2721 adverbum

113 2755 597 2828 eittequecontrariotasallusit,et
626 2770 673 2824 per
695 2770 725 2809 se
751 2755 940 2824 predicentur
993 2759 1460 2828 ponatur,utest‚Socratesnon
1487 2753 1627 2824 ambulat,
1658 2755 1822 2811 rectissime

114 2845 574 2916 elnonperaccidcne‚quidquiti
600 2845 757 2916 composite
779 2860 842 2899 vere
869 2843 939 2899 dici·
991 2846 1171 2916 oppositione
1200 2844 1272 2900 iacta
1299 2845 1447 2900 ambulare
1474 2861 1491 2899 a
1519 2844 1636 2900 Socrate
1664 2844 1820 2913 disjunxit.

113 2940 168 3002 tur,
184 2937 238 2991 boo
254 2935 467 3005 etsimplicitor
492 2951 556 2990 acre
584 2935 767 3005 praedicatur.
797 2933 939 2999 Quoniam
993 2933 1548 3006 uorsushujuspreposittoatsqoaeest,
1569 2933 1700 2989 Socrates
1724 2933 1820 3004 pbilo-

113 3034 206 3081 uutam
219 3025 332 3081 luerunt
344 3025 457 3095 quidam
469 3024 515 3095 qui
525 3023 577 3079 ltoc
607 3024 698 3094 ipsum
721 3023 795 3094 quod
811 3040 869 3078 nou
885 3030 938 3087 εει,
991 3025 1099 3096 sopbua
1110 3032 1161 3089 est,
1174 3024 1197 3079 si
1208 3024 1273 3095 quis
1283 3025 1315 3078 ad
1329 3030 1370 3079 est
1386 3022 1502 3078 rotbum
1517 3024 1697 3092 negationem
1715 3027 1814 3093 ponat,

113 3115 322 3179 essediccrent,
333 3118 424 3168 totum
432 3112 630 3183 syllogismum
640 3112 682 3167 bis
693 3111 935 3183 propositionibus
951 3149 971 3206 L.
991 3114 1129 3183 integram
1145 3115 1226 3171 iuciet
1243 3113 1423 3183 necationem
1439 3113 1538 3169 dicens
1552 3129 1559 3168 :
1574 3116 1705 3168 Socrates
1718 3112 1814 3183 pbilo-

113 3203 328 3271 oottjungentes.
343 3203 422 3266 Quod
438 3217 496 3257 non
512 3209 565 3269 est,
594 3201 738 3270 opinabile
765 3207 828 3268 esl;
858 3200 934 3272 quod
990 3200 1493 3274 sepbusnonest,nequeentmderi
1516 3209 1605 3271 potest
1631 3210 1660 3257 ut
1684 3201 1813 3259 adalind

113 3297 206 3345 autem
222 3290 367 3360 opinabile
383 3297 436 3357 est,
451 3299 492 3345 est
505 3308 512 3357 ;
527 3289 614 3360 igitur
629 3295 675 3345 εει
703 3289 777 3358 qam
807 3305 866 3346 nou
882 3297 933 3344 est.
988 3292 1018 3348 iu
1032 3292 1212 3362 simplicibus
1222 3290 1464 3346 aitirmationibus
1475 3290 1587 3360 negatio
1608 3298 1742 3361 ponatur,
1760 3290 1816 3347 nisi

13 3412 16 3417 -
113 3379 252 3448 Hocergu
278 3379 357 3448 dicit,
384 3380 408 3435 si
436 3397 537 3435 verum
568 3387 611 3435 est
639 3380 805 3450 predicare,
831 3381 933 3450 inquit,
989 3381 1189 3437 atlidrerbum
1202 3382 1276 3451 quod
1289 3379 1443 3435 totiusvim
1456 3379 1584 3435 continet
1597 3380 1814 3450 propositionis.

113 3469 358 3538 decoquodnon
384 3475 438 3536 est,
467 3469 604 3538 quoniam
633 3466 779 3537 opinabile
808 3472 863 3531 est,
893 3473 936 3522 εει
988 3470 1186 3543 Siquisenim
1209 3470 1240 3525 iu
1267 3467 1321 3524 hac
1351 3468 1542 3539 propositione
1569 3476 1702 3538 quaeest,
1729 3469 1815 3526 bomo

113 3558 359 3628 quidentverbum
387 3558 421 3614 de
451 3557 590 3626 opinabili
620 3557 818 3626 predicamus,
841 3557 876 3612 de
902 3571 934 3612 eo
988 3562 1071 3617 atbtts
1084 3569 1138 3627 est,
1155 3575 1212 3615 non
1228 3559 1304 3614 dicat
1317 3558 1377 3613 lieri
1394 3558 1573 3626 negationem
1587 3573 1649 3613 eam
1677 3574 1743 3628 qum
1770 3566 1814 3615 εει

112 3656 207 3703 autem
224 3650 295 3717 quod
315 3663 372 3702 non
388 3651 440 3714 cst,
457 3648 614 3702 secundum
630 3646 773 3702 accidens.
793 3646 934 3708 Ottottittttt
989 3652 1073 3707 hemo
1085 3652 1167 3706 albus
1177 3665 1233 3705 non
1243 3657 1294 3717 εει,
1307 3649 1356 3704 sed
1370 3648 1465 3718 potius
1476 3648 1561 3703 bomo
1573 3665 1631 3703 non
1657 3649 1742 3704 albus
1757 3657 1812 3715 eat,

113 3735 188 3791 enim
205 3735 280 3805 quod
299 3751 355 3790 non
371 3742 424 3804 ast,
440 3737 597 3791 secunaum
618 3735 761 3791 occidens·
791 3734 932 3798 Quoniam
989 3737 1810 3808 taeemodotatsumostenditurpropositumpertapidem.

112 3823 563 3894 eaimquodnonestopinubile
590 3830 641 3890 εει,
672 3824 778 3880 idcirco
808 3823 934 3879 secundo
989 3827 1740 3897 Interrogaturcnimdeeoanlapisillebomoalbus
1765 3829 1811 3896 sit,

114 3914 177 3970 loco
192 3913 227 3969 de
243 3916 366 3985 eoquod
385 3930 442 3968 non
457 3924 509 3983 est,
527 3914 644 3969 terbum
671 3923 712 3968 est
734 3913 931 3983 predicamus·
989 3928 1018 3975 ut
1030 3918 1108 3974 stille
1129 3916 1273 3988 trapaterit
1293 3931 1403 3986 ponens
1414 3917 1593 3983 nepotianum
1605 3918 1666 3986 ojus
1678 3933 1741 3988 qum
1757 3924 1811 3985 est,

114 4004 204 4068 Quare
221 4018 278 4057 non
293 4018 443 4073 possumus
457 4002 626 4072 sitnplioitar
654 4002 748 4058 dicere
775 4018 836 4058 esse
859 4003 932 4072 quod
989 4007 1225 4071 pomoatnqsasq
1241 4022 1304 4062 eam
1315 4021 1375 4076 qua
1389 4004 1467 4074 niele,
1481 4003 1567 4060 homo
1578 4022 1636 4062 non
1657 4007 1741 4062 ethus
1754 4010 1808 4072 est,

112 4108 170 4148 non
185 4099 239 4147 eat.
255 4091 364 4148 Idcirco
379 4092 456 4147 enim
477 4090 622 4160 opinabile
637 4099 688 4154 εει,
706 4091 772 4162 quia
796 4107 853 4146 uon
880 4097 932 4146 est·
988 4098 1099 4154 dicatur
1111 4097 1150 4163 ei;
1163 4097 1187 4150 ai
1200 4103 1307 4150 nonest
1329 4096 1364 4149 do
1387 4093 1439 4150 boc
1462 4094 1629 4163 lapidatore
1644 4095 1810 4163 affirmatio,

113 4181 449 4245 Scibileenintesset‚si
468 4187 659 4247 persaesset,
691 4196 749 4236 non
778 4178 933 4250 opinabile,
988 4203 1049 4257 qua
1066 4184 1135 4240 dieii
1150 4185 1235 4240 homo
1251 4182 1332 4238 albus
1348 4191 1399 4250 εει,
1417 4198 1483 4238 uera
1497 4185 1552 4239 erit
1566 4185 1601 4239 de
1622 4199 1655 4239 eo
1686 4183 1810 4253 negatio,

113 4268 742 4339 sioulHornerusidcircoessedicitut,quiu
771 4277 851 4338 poeta
880 4277 933 4338 εει,
988 4272 1400 4343 sciliceteaquadicit,huttto
1426 4288 1482 4327 non
1505 4271 1587 4327 albus
1605 4273 1814 4334 estrsedhaec

112 4358 246 4428 nunquia
259 4363 410 4428 persecet.
424 4358 470 4414 vot
485 4358 677 4414 certeidoiroo
699 4358 802 4413 dicitur
832 4358 933 4415 iinme-
988 4378 1099 4435 quoque
1115 4361 1182 4416 laisa
1199 4368 1251 4417 est.
1268 4359 1393 4416 Omnino
1405 4361 1481 4415 onim
1500 4360 1573 4430 lepis
1590 4360 1675 4417 homo
1687 4377 1746 4418 non
1763 4369 1814 4432 est,

113 4464 163 4504 rus
177 4463 239 4503 esse
251 4451 342 4517 puoto,
358 4448 422 4518 qnia
440 4449 532 4520 poesis
547 4448 637 4517 ipsius
652 4451 742 4503 exstat
770 4452 799 4503 el
827 4463 933 4517 perma·
989 4459 1074 4522 atque
1089 4452 1153 4506 ideo
1163 4451 1198 4505 de
1213 4466 1246 4504 oe
1262 4465 1318 4504 non
1336 4449 1436 4520 poterit
1453 4450 1599 4518 predicari
1614 4466 1751 4520 quantam
1763 4451 1815 4507 ho·

114 4539 263 4604 ast,sicnt
290 4537 402 4607 aliquos
428 4535 456 4591 io
488 4537 554 4592 tiliis
583 4553 657 4607 sepe
682 4537 774 4593 virere
800 4537 932 4592 dicimus.
989 4537 1269 4598 tnotroualbusest.
1286 4537 1407 4601 Quodsi
1424 4553 1516 4608 naqne
1538 4538 1690 4594 aibrmatio
1722 4554 1816 4610 neque

113 4625 250 4690 Quocirca
265 4627 291 4680 id
308 4625 381 4694 quod
398 4641 455 4680 non
471 4634 523 4693 ast,
539 4626 646 4681 idcirco
663 4641 726 4681 esse
740 4625 844 4681 dicitur
872 4625 933 4696 opi·
989 4628 1191 4700 negotiatione
1203 4642 1267 4683 uera
1279 4632 1331 4692 ost,
1347 4627 1506 4683 bocautem
1518 4628 1697 4698 impossibile
1713 4636 1768 4696 est,
1785 4637 1815 4684 ut

113 4716 220 4779 nubile,
231 4716 366 4787 quioniam
378 4716 467 4783 ipsius
478 4723 519 4771 εει
529 4717 666 4785 opinatio.
683 4716 745 4771 Non
757 4724 852 4772 eutem
865 4731 934 4784 quo·
988 4716 1213 4776 contradictoriae
1224 4715 1431 4771 uilirmatiunes
1441 4724 1467 4771 et
1481 4717 1661 4783 negationem
1671 4718 1813 4773 rieeodem

112 4807 320 4875 niantidquod
338 4814 463 4875 nonest,
481 4822 578 4874 porse
606 4804 712 4875 aliquid
742 4820 803 4861 esse
832 4809 933 4875 potest.
989 4805 1573 4880 praedicatuutrequelalsaesint.Constat
1595 4810 1656 4876 ejus
1680 4807 1813 4864 alitrnta-

112 4894 162 4950 His
176 4893 264 4966 igitur
279 4904 344 4950 ante
361 4894 518 4965 perstrictis
533 4902 619 4964 atque
647 4894 748 4950 ordine
775 4894 934 4949 terminatis
988 4897 1075 4953 tionis
1086 4913 1146 4968 quaa
1157 4896 1238 4953 dtctt.
1252 4895 1336 4950 humo
1347 4895 1429 4950 albus
1439 4898 1492 4962 est,
1504 4912 1561 4951 non
1574 4911 1636 4952 esse
1661 4894 1741 4951 illam
1767 4912 1816 4954 ne·

112 4985 146 5040 ad
161 4984 382 5056 propositionem
400 4986 498 5040 modos
514 5001 571 5039 rem
589 4983 619 5039 in
634 4983 782 5039 dialectiea
813 4982 934 5037 utilissi·
988 4982 1562 5056 gationernquaedicit‚homononalbus
1584 4987 1699 5050 ast,sed
1719 4986 1814 5055 potius

112 5090 179 5129 num
196 5078 230 5129 de
247 5075 489 5146 propositionibus
520 5080 668 5127 tractatum
696 5072 934 5141 disputationem·
990 5072 1531 5144 eumperquamproponiturquoniam
1547 5073 1632 5128 homo
1656 5074 1741 5128 albus
1757 5090 1818 5131 uott

111 5179 165 5233 que
179 5163 329 5218 connata.
347 5167 442 5218 bestat
460 5177 536 5216 trutto
552 5161 588 5215 de
605 5162 829 5228 propositionum
843 5160 934 5216 modis
989 5174 1041 5222 est.
1052 5169 1196 5232 Nusquam
1208 5163 1295 5233 igitur
1307 5163 1374 5218 aiibi
1387 5166 1520 5233 ponenda
1530 5170 1575 5220 est
1586 5166 1700 5236 negatio
1723 5168 1753 5223 in
1772 5166 1820 5222 his

109 5254 378 5322 oppositionumque
395 5252 543 5305 disserere,
565 5249 663 5304 Mutus
679 5249 756 5304 euim
774 5250 932 5304 dubitatum
988 5271 1049 5326 qna
1062 5252 1267 5322 simpliciterat
1280 5253 1343 5308 sine
1365 5254 1451 5309 modo
1471 5254 1566 5322 aliqua
1589 5263 1745 5324 ponentur,
1762 5258 1822 5314 nisi

112 5342 378 5396 estrationitmsan
395 5338 676 5395 idetnmodusesset
704 5337 932 5408 propositionum
987 5346 1020 5400 ad
1038 5343 1244 5410 vetitumquod
1262 5345 1489 5398 totaneontinel
1517 5343 1754 5414 propositionem,
1782 5347 1819 5403 de

111 5431 173 5486 sine
191 5432 273 5485 maudo
290 5426 702 5501 propositarntn‚quiillarum
732 5443 843 5498 quoque
872 5444 933 5498 qun
989 5434 1136 5490 bisantem
1148 5432 1415 5497 sulliciantersupra
1425 5431 1485 5501 jam
1498 5433 1632 5488 diximus.
1647 5435 1677 5489 in
1702 5434 1820 5492 hisau-

14 5546 18 5553 ·
110 5519 234 5590 propriis
251 5519 342 5574 modis
356 5527 382 5571 et
398 5517 584 5587 qualitatibus
601 5516 802 5589 terminantur,
816 5517 935 5575 inchoat
990 5518 1198 5590 temioquibue
1209 5520 1601 5593 mudusaliquisappourtur,
1617 5524 1764 5583 dubitatio
1780 5535 1822 5584 est

108 5617 207 5667 autem
223 5608 259 5664 de
274 5608 318 5664 itis
333 5607 416 5665 rebus
432 5604 642 5663 dubitationem
657 5605 710 5662 sio.
988 5611 1071 5670 anad
1083 5611 1198 5667 modum
1209 5608 1291 5666 iilum
1306 5620 1431 5681 ponatur
1452 5613 1585 5682 negativa
1609 5614 1770 5684 particula,
1781 5632 1819 5674 att
