3892 6126
111 290 185 353 1139
754 283 814 337 All.
833 282 946 337 HANL.
964 282 1045 339 BEV.
1064 284 1185 343 noenu
1755 281 1822 339 {tto

114 424 211 493 legata
223 415 348 491 pecunia
359 406 681 475 numerata,cumaisit
692 412 943 481 argentumomno
957 410 986 476 Α
999 428 1057 468 non
1079 419 1257 486 sequuntur,
1278 432 1330 490 pro
1353 413 1454 471 liberis
1473 426 1594 469 manere
1608 407 1683 465 nibil
1698 413 1824 481 oportet,

116 510 371 581 logutum‚nonest
382 504 539 572 argentum
551 502 706 553 numerata
715 498 855 570 pecunio;
865 497 946 565 ataui
1001 507 1030 558 et
1043 503 1082 557 ita
1095 521 1152 559 non
1169 511 1215 560 est
1229 524 1246 561 a
1260 503 1507 577 consequentibus
1523 503 1749 573 argumentum,
1763 499 1828 569 quia

121 604 166 656 est
181 600 334 663 argentum
351 592 506 646 numerata
526 587 662 659 pecunia,
680 586 773 659 legata
787 591 833 642 εει
857 587 947 658 igitur
1001 610 1059 648 non
1073 593 1101 649 id
1114 595 1192 665 quod
1204 595 1442 667 consequebatur
1456 592 1646 662 assumptum
1667 592 1726 655 est,
1738 590 1786 641 sed
1802 588 1825 642 id

121 687 237 745 mulieri
247 688 402 740 numerata
420 679 632 752 pecunin,cum
649 677 675 733 ei
690 676 777 733 inerit
792 682 945 749 argentum
1000 684 1078 754 quod
1095 684 1286 755 precedebat.
1303 682 1372 738 Erat
1395 681 1505 754 quippe
1529 677 1727 743 antecedens,
1741 682 1826 747 nupta

123 791 210 834 omne
225 774 366 845 legatum.
384 771 440 826 Sed
456 769 532 839 quod
557 767 671 823 Tullius
692 765 843 823 brevitatis
858 781 947 822 causo
1002 771 1108 828 mulier
1130 777 1236 846 praeter
1247 771 1385 829 connubii
1398 772 1450 844 jus
1462 788 1469 839 ;
1481 768 1678 840 sequebatur,
1695 780 1765 819 curn
1780 766 1826 821 sitii

121 863 271 939 praeteriit,
283 863 311 917 id
322 865 377 926 est,
387 858 586 930 illampartsm
596 855 805 928 propositionis
814 872 877 927 quse
888 854 945 911 nit:
1001 866 1114 932 patrem
1126 879 1184 917 non
1195 862 1405 933 sequebantur,
1418 877 1469 933 pro
1485 859 1528 914 eis
1539 855 1613 913 nihil
1630 872 1668 911 ex
1680 854 1751 910 dote
1765 854 1827 911 reti·

118 959 191 1010 Cum
206 952 242 1008 sit
253 949 370 1006 mulieri
382 951 537 1019 argentum
549 962 636 1003 omne
645 944 785 1018 legatum,
799 961 852 1000 nos
861 961 946 1017 aper·
1001 951 1129 1007 norisio
1141 951 1230 1021 igitur
1240 949 1354 1006 Tullius
1366 964 1417 1020 pro
1425 964 1459 1004 eo
1469 946 1545 1019 quod
1558 952 1607 1002 εει
1617 963 1635 1003 ιι
1646 960 1825 1017 consequen·

118 1039 409 1111 tiarisintelligrntiae
420 1035 746 1105 causasubjunximus3
763 1049 816 1090 nec
832 1039 945 1106 portur·
1000 1039 1081 1095 tibus
1092 1047 1309 1112 argumentum,
1326 1040 1362 1095 ab
1378 1036 1621 1094 antecedentibus
1638 1034 1827 1108 potinsdedit

121 1136 191 1188 bare
202 1132 340 1187 lectorem
366 1129 463 1194 debet,
481 1126 560 1198 quod
590 1140 656 1181 cum
683 1125 714 1179 in
743 1123 946 1195 superioribus
1000 1130 1178 1201 exemplum.
1195 1132 1293 1187 Potest
1308 1145 1375 1185 vero
1390 1129 1431 1184 ita
1445 1128 1544 1184 beria
1574 1126 1826 1197 consequentibus

121 1220 265 1292 exemplis
280 1219 309 1273 in
332 1217 461 1273 secundo
486 1215 571 1270 modo
587 1230 639 1286 per
669 1214 853 1285 negationem
870 1212 946 1268 lacta
1001 1225 1221 1292 argumentum,
1234 1220 1259 1274 ai
1271 1220 1298 1274 td
1310 1220 1346 1274 da
1357 1235 1415 1290 quo
1428 1217 1571 1290 quaritur
1592 1214 1684 1287 prius
1697 1222 1826 1286 ponatur,

119 1312 207 1367 luerit
217 1322 335 1378 semper
349 1304 527 1376 assumptio,
543 1308 571 1358 et
582 1320 634 1375 per
649 1302 832 1373 negationem
843 1317 947 1357 rursus
1001 1314 1030 1365 ot
1040 1310 1068 1365 id
1086 1310 1163 1380 quod
1175 1309 1387 1366 assumendum
1400 1326 1408 1375 ;
1420 1312 1466 1364 aaa
1477 1306 1642 1378 posterius,
1660 1304 1718 1359 hoc
1729 1304 1826 1359 moda:

120 1400 203 1455 illata
215 1394 374 1465 conclusio,
384 1410 463 1449 nuno
477 1410 528 1464 per
542 1394 769 1448 affirmationem
786 1396 814 1448 et
828 1407 947 1447 assum·
1000 1399 1028 1453 si
1043 1399 1157 1469 quidex
1181 1399 1248 1455 dota
1260 1414 1310 1469 pro
1326 1397 1427 1454 liberis
1440 1410 1559 1451 manare
1574 1392 1740 1465 oportebit,
1764 1394 1826 1463 quia

123 1490 184 1562 ptio
199 1492 228 1544 ει
243 1484 393 1541 conclusio
411 1483 485 1538 lacta
500 1486 554 1538 est.
571 1480 711 1552 Cujusrei
723 1480 947 1537 evidentissima
1001 1492 1114 1559 parram
1131 1486 1215 1543 tiberi
1231 1490 1406 1558 sequuntur,
1422 1501 1489 1542 oum
1504 1500 1540 1540 ea
1556 1488 1656 1553 nupta
1671 1487 1719 1537 est
1731 1482 1827 1537 mulier

123 1578 199 1633 ratio
215 1579 268 1631 est.
278 1574 351 1631 Nam
362 1587 428 1627 cum
444 1572 473 1625 in
486 1569 689 1641 superioribus
698 1570 840 1641 exemptis
852 1569 948 1641 prima
1001 1575 1121 1647 quicum
1135 1576 1276 1633 connubii
1284 1578 1335 1647 jus
1345 1579 1432 1632 essct.
1444 1572 1638 1645 Sumoigitur
1649 1570 1680 1627 id
1689 1573 1827 1643 quodcun-

126 1664 288 1740 propositio
297 1678 331 1717 ex
340 1659 587 1716 affirmationibus
595 1657 947 1727 ineritconstituta,atque
1001 1665 1136 1736 sequitur
1147 1682 1199 1738 por
1210 1663 1451 1739 negationem‚ita
1462 1662 1599 1719 :sednon
1611 1664 1825 1733 estnuplamn·

125 1757 156 1812 in
169 1752 297 1810 secundo
309 1750 396 1806 modo
407 1747 572 1819 assumptio
583 1748 610 1801 id
623 1747 699 1818 quod
712 1747 948 1818 sequebaturau·
962 1786 986 1852 B
1002 1753 1055 1810 liar
1072 1771 1139 1812 cum
1159 1772 1193 1812 ρο
1208 1756 1328 1826 quicum
1342 1752 1480 1810 connubii
1494 1753 1544 1824 jur
1560 1756 1640 1818 erat,
1659 1756 1752 1823 atqua
1772 1749 1824 1805 ideo

124 1837 541 1911 ferret,atqueinterimerctid
555 1838 632 1909 quod
643 1837 834 1909 precedebat,
847 1853 948 1893 necas·
1002 1844 1052 1914 qui
1064 1844 1123 1899 nati
1135 1849 1214 1912 aunt,
1226 1846 1586 1917 patromnonaequuntur.
1596 1841 1825 1912 Perimitnrergo

123 1927 692 2000 sariumerntduplicsmaffirmationem
704 1925 851 1997 geminata
860 1942 950 1998 nega·
1003 1935 1032 1989 in
1044 1932 1271 1990 conclusionem
1283 1933 1401 2005 quadiu
1416 1930 1621 2004 propositione
1633 1934 1824 2001 precesserat.

114 2024 200 2078 tione
210 2020 357 2085 consumi,
368 2019 423 2073 hoo
435 2017 521 2073 modo
533 2032 540 2072 ι
550 2016 580 2070 si
591 2015 653 2071 dios
669 2014 784 2083 ost,lux
799 2018 854 2083 est,
867 2019 949 2071 utrae·
1003 2024 1046 2077 lta
1056 2038 1108 2093 pro
1127 2021 1228 2078 libaria
1243 2021 1335 2093 igitar
1350 2037 1469 2078 manera
1484 2019 1561 2076 nihil
1577 2022 1715 2091 oportet.
1731 2018 1782 2075 Sed
1794 2018 1823 2073 de

121 2126 220 2183 quom
231 2105 428 2164 affirmatione
438 2109 508 2161 sunt
518 2104 695 2159 constitute.
710 2104 842 2176 Utigitur
852 2105 951 2175 posto·
1003 2110 1132 2167 secundo
1144 2110 1230 2166 modo
1243 2111 1301 2167 isra
1312 2108 1551 2179 suffiaipnr‚njhrl
1565 2113 1750 2181 namquopr
1759 2108 1822 2164 prbr.

123 2200 181 2255 rior
192 2215 271 2270 pars.
283 2197 310 2251 id
325 2198 371 2251 εει
384 2194 435 2250 lux
450 2198 507 2263 εει,
527 2209 591 2265 quae
607 2192 762 2248 affirmatio
778 2196 832 2260 est,
850 2192 951 2248 interi·
1004 2205 1077 2268 tror,
1090 2200 1320 2272 pretermissum
1331 2199 1509 2256 eumenius
1519 2198 1634 2254 modus
1647 2215 1666 2253 a
1677 2212 1824 2271 repugnas
1862 2196 1866 2261 i

125 2293 233 2353 intitul,
246 2286 418 2357 deneganda
428 2290 483 2340 est.
496 2283 597 2338 Dicam
608 2282 714 2355 igilur:
731 2282 817 2353 Atqui
836 2299 891 2338 non
908 2286 953 2338 esi
1003 2289 1083 2345 tibus
1094 2289 1179 2362 longe
1195 2290 1369 2363 perspicuus
1384 2289 1439 2345 hoo
1454 2288 1543 2344 modo
1556 2290 1604 2344 est
1618 2303 1626 2343 :
1645 2287 1711 2343 Non
1723 2285 1822 2359 etlegr·

124 2378 187 2443 lux,
198 2393 256 2447 «ruo
267 2376 299 2429 fit
315 2378 347 2429 ut
358 2372 696 2445 prcccdentemquoquo
708 2376 833 2443 partem.
846 2370 874 2425 id
895 2374 951 2442 ost,
1005 2380 1068 2433 tum
1082 2394 1169 2434 omno
1184 2382 1336 2452 argentum
1348 2382 1403 2446 est,
1415 2382 1444 2433 et
1459 2394 1518 2433 non
1532 2380 1579 2432 est
1596 2375 1702 2448 legata
1724 2373 1821 2431 mulieri

129 2468 192 2522 dies
202 2470 354 2534 ost,quam
372 2462 599 2518 affirmationem
617 2477 682 2517 esse
697 2462 885 2516 manifestum
896 2465 952 2528 εει,
1005 2466 1130 2538 pecunia
1145 2473 1327 2523 enumerata,
1340 2466 1391 2522 tria
1406 2480 1535 2537 namque
1546 2480 1740 2536 consequens
1753 2468 1820 2520 erat:

128 2549 889 2625 negationetollamus,conoludentes‚diesigiturnon
897 2558 953 2607 cst.
1004 2555 1032 2609 si
1044 2560 1284 2628 argentumesset
1293 2572 1380 2612 omno
1391 2554 1533 2627 legatum,
1543 2555 1710 2626 pecuniam
1719 2566 1819 2625 quoquo

123 2648 160 2701 Αι
175 2645 204 2698 in
220 2643 275 2697 boo
295 2640 443 2695 Ciceronis
467 2638 600 2711 exemplo
625 2646 749 2711 utraque
766 2656 835 2711 pars
850 2638 952 2710 prima
1006 2644 1819 2719 numeratamsuissalegatammtigiturfieretrepugnans,

128 2728 422 2803 atquebrnotheticae
433 2727 852 2801 propositionisnegationibus
863 2744 954 2783 enan·
1005 2734 1297 2805 buterensequenua
1314 2734 1488 2807 interposita
1498 2732 1624 2805 negatio
1640 2740 1695 2801 εει,
1711 2731 1820 2788 dietum·

125 2823 197 2877 tiata
213 2824 269 2889 ast,
280 2836 345 2890 qua
362 2819 391 2875 in
413 2819 617 2892 assumptione
631 2819 672 2874 vel
690 2819 878 2875 conclusione
894 2836 953 2875 non
1006 2841 1062 2899 que
1073 2829 1126 2890 est,
1140 2823 1164 2879 si
1176 2828 1330 2896 argentum
1346 2839 1433 2880 omne
1453 2822 1586 2895 legatum
1598 2826 1690 2886 esset,
1701 2835 1820 2876 numera·

126 2914 162 2968 ab
169 2910 234 2967 aliis
243 2910 299 2965 nisi
308 2910 344 2965 ab
352 2909 952 2977 affirmationibusauferunturbocmodo.
1007 2918 1065 2968 tam
1078 2912 1232 2981 pecuniam
1244 2930 1301 2969 non
1313 2929 1379 2969 esso
1390 2912 1516 2985 legatam
1531 2928 1538 2979 ;
1552 2911 1636 2985 quod
1647 2910 1719 2983 quia
1728 2914 1820 2983 pugnat

128 3000 177 3056 Est
192 3000 270 3055 enim
289 2997 346 3055 talc
361 2997 509 3055 Ciceronis
525 2998 712 3069 exemplum:
738 2998 763 3053 si
786 3000 879 3071 legate
896 3015 953 3055 non
1006 3007 1035 3057 et
1046 3002 1153 3058 laisum
1166 3006 1221 3072 εει,
1234 3003 1269 3058 ad
1280 3002 1431 3059 veritatem
1445 3000 1502 3056 alia
1516 3000 1681 3074 negatione
1692 3000 1737 3055 sic
1751 2998 1820 3054 redu·

129 3093 174 3145 εει
190 3086 306 3144 mulieri
335 3091 490 3143 numerata
514 3087 647 3159 pecunia,
662 3103 720 3143 non
738 3092 783 3143 est
797 3092 952 3145 numerata
1008 3091 1178 3149 citueron
1190 3091 1214 3147 si
1226 3090 1355 3165 legatum
1367 3094 1518 3164 argentum
1531 3094 1588 3153 est,
1602 3105 1665 3146 non
1690 3087 1821 3159 esttegatr

124 3178 251 3251 pecunia
268 3182 437 3247 argentum,
452 3177 532 3232 vides
548 3182 581 3231 ut
593 3177 631 3232 sit
659 3181 784 3250 utraque
813 3176 953 3249 negatio?
967 3151 989 3219 c
1010 3183 1163 3237 numerata
1175 3180 1310 3255 pecunia,
1326 3184 1358 3236 ut
1369 3179 1480 3236 scilicet
1491 3178 1727 3235 eiailirmationi
1738 3190 1821 3232 conse·

130 3270 205 3324 Nam
216 3271 311 3322 etaon
322 3282 387 3320 esse
399 3266 523 3337 legatam
533 3264 647 3323 mulieri
656 3268 810 3339 pecuniam
821 3284 956 3324 numera·
1009 3270 1082 3337 nint,
1094 3286 1157 3343 qur
1174 3268 1255 3338 dicit,
1272 3270 1296 3325 si
1311 3269 1440 3343 legatum
1465 3272 1627 3339 argentum
1641 3272 1699 3337 est,
1716 3267 1822 3339 legatam

125 3362 202 3424 tarn,
216 3360 245 3409 ει
260 3371 318 3409 non
334 3369 398 3409 esse
414 3361 598 3411 numeratam
618 3356 772 3428 pecuniam
789 3362 955 3431 argentum,
1009 3376 1074 3416 esso
1089 3360 1242 3433 pecuniam
1258 3356 1656 3415 numeratamlssumimus
1667 3358 1760 3430 igitur
1771 3351 1822 3409 hnic

131 3444 468 3513 nimquainncgutiono
478 3448 547 3499 sunt
559 3444 668 3516 posite:
678 3447 755 3517 quod
768 3447 792 3502 si
800 3447 959 3503 auferenda
1011 3448 1202 3520 propositioni
1214 3452 1368 3523 argentum
1379 3464 1467 3503 omne
1480 3462 1546 3502 osso
1562 3445 1716 3519 legatum,
1729 3450 1757 3501 ει
1768 3460 1823 3499 con·

133 3540 177 3590 εει
185 3533 466 3605 pernssumptionem
476 3535 875 3609 propositionisconsequens
883 3554 959 3610 pars,
1011 3537 1145 3610 ssquitur
1155 3553 1273 3592 omnem
1284 3540 1467 3591 numeratam
1477 3536 1637 3607 pecuniam
1649 3532 1766 3589 mulieri
1776 3542 1824 3587 esec

133 3623 271 3695 quoniam
280 3623 395 3693 negatio
403 3629 457 3686 εει,
468 3640 599 3679 nonense
609 3631 791 3682 numeratam
802 3627 957 3700 pecuniam
1012 3627 1193 3699 legatam,’ut
1205 3625 1242 3681 sit
1258 3627 1351 3682 torma
1364 3624 1636 3697 argumentationis
1647 3620 1824 3694 hujusmodi:
1861 3648 1864 3701 p

133 3718 300 3785 argentum,
312 3712 470 3767 dicendum
488 3718 533 3768 εει
548 3719 704 3786 argentum
724 3733 787 3771 esse
802 3718 958 3787 pecuniam
1012 3716 1073 3771 Non
1086 3715 1110 3771 si
1122 3716 1252 3788 legatum
1266 3720 1421 3787 argentum
1431 3719 1486 3781 cst,
1497 3730 1555 3769 non
1568 3718 1617 3769 cst
1631 3712 1732 3786 legata
1742 3724 1824 3767 nurne-
1862 3716 1864 3803 ,

134 3812 338 3869 numeratam,
354 3802 432 3871 quod
447 3804 472 3857 si
487 3804 516 3857 in
533 3802 722 3859 conclusione
738 3806 898 3862 auterendo
914 3810 960 3861 est
1013 3810 1076 3861 rata
1092 3806 1227 3876 pecunia,
1238 3806 1320 3875 atqui
1342 3803 1470 3876 legatum
1487 3807 1647 3873 argentum
1678 3808 1734 3861 est.
1750 3800 1826 3873 legata

134 3906 202 3961 pars
215 3889 507 3961 praesumensque
519 3892 634 3957 negatio
649 3897 704 3960 cst,
713 3893 741 3947 id
757 3898 811 3960 εει,
822 3911 878 3950 non
895 3911 961 3951 esso
1013 3901 1056 3951 εει
1067 3894 1155 3967 igitur
1166 3900 1319 3950 numerata
1331 3894 1464 3965 pecunia.
1475 3897 1513 3949 u.
1527 3908 1597 3947 rero
1606 3892 1728 3947 Tullius
1741 3904 1825 3963 propo

136 3978 263 4049 legatam
279 3978 397 4033 mulieri
413 3981 568 4051 pecuniam
590 3988 787 4049 nrrnieratum,
802 3984 959 4039 dicendum
1013 3984 1147 4041 sitionem
1175 3984 1214 4039 ita
1240 3982 1394 4039 formavit:
1411 3987 1470 4038 Non
1496 3987 1525 4035 et
1541 3980 1678 4052 legatum
1696 3986 1827 4053 argenton

136 4073 181 4123 est
191 4084 198 4121 :
210 4067 317 4139 Legata
329 4068 420 4139 igitur
430 4067 546 4124 mulieri
559 4080 711 4126 numerata
722 4074 845 4143 pecnnia
855 4079 909 4129 est.
926 4074 962 4129 m
1013 4078 1068 4140 ost,
1080 4078 1108 4129 ot
1119 4090 1175 4127 non
1187 4071 1336 4145 estlegatn
1345 4074 1498 4127 numerata
1509 4070 1650 4142 pecunia.
1663 4071 1721 4125 Sed
1738 4064 1829 4124 nosil·

137 4156 287 4212 secundus
299 4156 418 4227 quidem
431 4157 537 4213 modus
546 4158 599 4213 rite
611 4176 627 4214 a
640 4162 891 4231 consequentibus
903 4163 963 4218 iac·
1014 4163 1090 4219 circo
1099 4160 1770 4232 casualemconjunctionemapposuimuseam
1780 4168 1828 4228 que

135 4245 514 4316 tushujusmodiest.lllud
526 4251 625 4304 tamen
636 4249 860 4321 estdiligentius
871 4252 960 4307 adno-
1014 4256 1138 4319 estse,ut
1163 4268 1265 4323 exquo
1281 4255 1360 4306 esset
1374 4265 1479 4317 canere
1494 4248 1564 4304 talis
1581 4249 1750 4321 propositio
1765 4260 1829 4302 mon·

135 4336 272 4391 tandum.
289 4336 366 4404 quod
397 4336 533 4406 superius
549 4337 587 4393 M.
601 4337 729 4409 Tullius,
745 4356 811 4395 curn
827 4340 961 4396 locorum
1014 4338 1328 4411 straremus.Namque
1340 4339 1368 4393 id
1382 4354 1417 4394 ex
1432 4338 1629 4409 consequenti
1647 4352 1780 4395 connexo
1791 4348 1829 4389 nc·

136 4422 271 4477 omnium
291 4423 417 4479 breviter
431 4425 565 4497 exempla
593 4425 771 4498 disponeret,
787 4427 842 4484 loci
859 4430 958 4501 hujus,
1014 4430 1129 4501 gestione
1140 4429 1239 4484 addita
1255 4430 1287 4483 m
1302 4443 1479 4501 repugnans.
1491 4430 1671 4483 connexum
1683 4443 1753 4484 varo
1766 4420 1831 4481 nulls

135 4510 186 4581 qui
197 4511 606 4581 aconsequentibusducitur,
615 4514 960 4574 inconvenienssecundo
975 4516 999 4581 Ι)
1014 4534 1095 4591 arque
1109 4523 1141 4573 ut
1152 4518 1191 4573 sit
1203 4517 1372 4590 conjunctio
1384 4520 1482 4590 posset
1492 4518 1666 4581 ostendero.
1679 4524 1830 4589 quanqum

136 4599 375 4657 conditionalium
384 4600 621 4675 syllogismorum
634 4607 720 4661 morlo
730 4607 959 4679 subjecitexem·
1014 4608 1092 4663 idem
1104 4608 1244 4663 alliciatet
1253 4604 1830 4679 copulativaconjnnctio.Namquecon·

136 4687 230 4761 plum,
247 4690 404 4763 potiusque
425 4691 520 4763 primo
538 4696 673 4750 convenit
689 4697 775 4752 trodo
786 4698 856 4769 quin
871 4715 928 4754 non
944 4715 961 4754 ε
1016 4714 1090 4754 nexa
1101 4701 1181 4764 sunt,
1204 4695 1292 4754 etiam
1308 4697 1465 4767 conjuncta
1478 4710 1544 4751 esec
1576 4696 1795 4769 intelliguntur,
1806 4702 1831 4745 ει

138 4779 671 4851 consequentibusconclusionem,sed
680 4785 715 4840 ab
723 4787 964 4844 antecedentibus
1017 4788 1071 4843 boc
1083 4788 1160 4860 quod
1174 4784 1337 4858 pauloanto
1348 4784 1493 4851 diximus,
1504 4786 1586 4856 quod
1597 4788 1832 4858 argumentumcx

139 4868 217 4923 lacit.
229 4870 385 4941 ltaquippe
402 4876 527 4940 pusuita
542 4875 803 4945 consequentibus,
815 4877 840 4931 si
857 4876 963 4933 nuilier
1016 4894 1051 4934 ea
1062 4876 1259 4948 propositione
1271 4875 1431 4948 proiectum
1443 4880 1497 4937 εει,
1510 4889 1577 4945 quse
1589 4876 1713 4930 duabus
1723 4872 1830 4930 altirnu·

139 4957 426 5030 caminiecetnupta
450 4976 516 5015 cum
547 4978 580 5017 eo
610 4964 731 5033 quicum
759 4964 899 5018 connubii
911 4966 962 5035 ius
1017 4966 1148 5021 tionibus
1164 4963 1368 5035 copulabatur,
1381 4963 1526 5035 etjunota
1541 4963 1709 5035 negatione
1732 4962 1832 5029 insuper

140 5060 312 5101 concessum
322 5064 379 5102 non
391 5050 961 5125 esset,nuntiumremisit,quoniamqui
1018 5056 1157 5125 denegata
1173 5056 1227 5109 est.
1240 5053 1271 5107 ln
1288 5053 1425 5109 omnibus
1439 5051 1530 5124 igitur
1550 5050 1630 5107 illud
1643 5056 1693 5108 est
1708 5048 1831 5123 approbr-

140 5133 201 5187 nati
213 5141 282 5189 sunt
290 5140 401 5206 patrem
411 5153 469 5192 non
485 5144 661 5211 sequuntur,
670 5157 722 5212 pro
735 5139 835 5198 liberis
846 5158 964 5200 manere
1019 5149 1093 5216 tum,
1106 5142 1261 5217 pecuniam
1274 5145 1459 5197 numeratam
1470 5139 1594 5197 mulieri
1606 5141 1723 5209 deberi,
1735 5152 1795 5195 rum
1804 5130 1832 5187 eil

140 5222 343 5295 nihiloportet.
355 5224 406 5280 Hic
419 5226 509 5297 igitur
524 5244 590 5284 cum
604 5234 796 5300 queraturan
807 5231 885 5288 dotis
895 5250 964 5305 pars
1018 5240 1174 5307 argentum
1183 5231 1468 5301 omnolegutum.Sed
1478 5231 1695 5303 nuncquidem
1707 5246 1741 5285 ex
1750 5236 1832 5297 sopri·

142 5311 963 5390 apudvirumdeboatpermancra,idquoiipraeceditas·
1019 5322 1106 5378 dictis
1122 5317 1383 5393 propositionibus,
1400 5317 1428 5372 id
1458 5317 1537 5388 quod
1571 5318 1779 5374 antecedebat.
1798 5324 1833 5363 w

143 5400 323 5459 summumst
334 5402 382 5457 liat
395 5407 457 5457 rato
468 5403 618 5459 conclusio
630 5404 684 5461 boe
710 5408 795 5463 modu
808 5426 814 5463 :
829 5409 884 5464 Seri
900 5428 964 5467 mu·
1019 5409 1205 5481 sumpsimus
1217 5429 1225 5479 ;
1239 5426 1316 5464 nunc
1331 5424 1409 5477 sero,
1435 5406 1463 5461 id
1480 5408 1560 5477 quod
1591 5404 1833 5479 consequentis-rt

143 5487 314 5543 iiercuruuo
327 5496 473 5560 nuptaest
486 5492 604 5562 quicum
618 5497 883 5565 connubiijusnon
898 5502 964 5573 tuit,
1021 5498 1269 5565 nunuautem,i‹l
1296 5497 1373 5569 (ruod
1405 5494 1663 5566 rtpugssabdi-Ass
1688 5495 1725 5551 (³⁰-
1752 5486 1831 5561 ‘¹9¹¹‘

144 5575 345 5634 concluditur:
362 5580 504 5645 Quoniam
518 5580 607 5651 igitur
626 5584 675 5655 qui
692 5584 752 5641 nati
768 5594 837 5644 sunt
851 5595 963 5663 patrem
1021 5588 1128 5645 nandis
1146 5586 1293 5643 Ciceronis
1317 5584 1470 5659 exenrplis,
1489 5589 1523 5640 ut
1546 5585 1692 5657 arbitror,
1708 5582 1777 5642 satis
1789 5576 1831 5631 etl
