<?xml version="1.0" encoding="UTF-8"?>
<!DOCTYPE html PUBLIC "-//W3C//DTD XHTML 1.0 Transitional//EN"
    "http://www.w3.org/TR/xhtml1/DTD/xhtml1-transitional.dtd">
<html xmlns="http://www.w3.org/1999/xhtml" xml:lang="en" lang="en">
 <head>
  <title>
</title>
<meta http-equiv="Content-Type" content="text/html;charset=utf-8" />
  <meta name='ocr-system' content='tesseract 3.04.00' />
  <meta name='ocr-capabilities' content='ocr_page ocr_carea ocr_par ocr_line ocrx_word'/>
</head>
<body>
  <div class='ocr_page' id='page_1' title='image "./patrologiaecurs12unkngoog_0407.png"; bbox 0 0 3892 6126; ppageno 0'>
   <div class='ocr_carea' id='block_1_1' title="bbox 754 291 1190 353">
    <p class='ocr_par' dir='ltr' id='par_1_1' title="bbox 754 291 1190 353">
     <span class='ocr_line' id='line_1_1' title="bbox 754 291 1190 353; baseline 0 -7"><span class='ocrx_word' id='word_1_1' title='bbox 754 294 805 349; x_wconf 74' lang='lat' dir='ltr'>Ati</span> <span class='ocrx_word' id='word_1_2' title='bbox 835 295 947 351; x_wconf 73' lang='lat' dir='ltr'><strong>MANL.</strong></span> <span class='ocrx_word' id='word_1_3' title='bbox 967 295 1049 353; x_wconf 71' lang='lat' dir='ltr'>ERV.</span> <span class='ocrx_word' id='word_1_4' title='bbox 1068 291 1190 350; x_wconf 76' lang='lat' dir='ltr'>eom</span> 
     </span>
    </p>
   </div>
   <div class='ocr_carea' id='block_1_2' title="bbox 271 415 1478 760">
    <p class='ocr_par' dir='ltr' id='par_1_2' title="bbox 274 415 1414 581">
     <span class='ocr_line' id='line_1_2' title="bbox 274 415 1414 492; baseline 0 -18"><span class='ocrx_word' id='word_1_5' title='bbox 274 416 401 475; x_wconf 81' lang='lat' dir='ltr'>Ostsvus</span> <span class='ocrx_word' id='word_1_6' title='bbox 526 416 618 476; x_wconf 88' lang='lat' dir='ltr'>Omne</span> <span class='ocrx_word' id='word_1_7' title='bbox 635 416 744 477; x_wconf 91' lang='lat' dir='ltr'>bonum</span> <span class='ocrx_word' id='word_1_8' title='bbox 761 419 878 492; x_wconf 79' lang='lat' dir='ltr'>lustum</span> <span class='ocrx_word' id='word_1_9' title='bbox 893 423 948 477; x_wconf 87' lang='lat' dir='ltr'>est.</span> <span class='ocrx_word' id='word_1_10' title='bbox 965 416 1086 477; x_wconf 84' lang='lat' dir='ltr'>Nullum</span> <span class='ocrx_word' id='word_1_11' title='bbox 1102 415 1214 475; x_wconf 83' lang='lat' dir='ltr'>melum</span> <span class='ocrx_word' id='word_1_12' title='bbox 1228 416 1341 476; x_wconf 88' lang='lat' dir='ltr'>bonum</span> <span class='ocrx_word' id='word_1_13' title='bbox 1356 419 1414 476; x_wconf 84' lang='lat' dir='ltr'>est.</span> 
     </span>
     <span class='ocr_line' id='line_1_3' title="bbox 523 507 1182 581; baseline -0.002 -18"><span class='ocrx_word' id='word_1_14' title='bbox 523 507 676 573; x_wconf 83' lang='lat' dir='ltr'>Quoddem</span> <span class='ocrx_word' id='word_1_15' title='bbox 689 509 780 581; x_wconf 80' lang='lat' dir='ltr'>igitur</span> <span class='ocrx_word' id='word_1_16' title='bbox 790 509 909 579; x_wconf 80' lang='lat' dir='ltr'>justum</span> <span class='ocrx_word' id='word_1_17' title='bbox 925 508 1039 566; x_wconf 78' lang='lat' dir='ltr'>mulum</span> <span class='ocrx_word' id='word_1_18' title='bbox 1054 523 1113 564; x_wconf 91' lang='lat' dir='ltr'>nou</span> <span class='ocrx_word' id='word_1_19' title='bbox 1128 510 1182 563; x_wconf 86' lang='lat' dir='ltr'>est.</span> 
     </span>
    </p>

    <p class='ocr_par' dir='ltr' id='par_1_3' title="bbox 271 593 1478 760">
     <span class='ocr_line' id='line_1_4' title="bbox 271 593 1478 669; baseline 0.001 -15"><span class='ocrx_word' id='word_1_20' title='bbox 271 593 373 654; x_wconf 90' lang='lat' dir='ltr'>Nonus</span> <span class='ocrx_word' id='word_1_21' title='bbox 528 597 681 661; x_wconf 86' lang='lat' dir='ltr'>Quoddsm</span> <span class='ocrx_word' id='word_1_22' title='bbox 698 599 809 654; x_wconf 90' lang='lat' dir='ltr'>bouum</span> <span class='ocrx_word' id='word_1_23' title='bbox 821 598 940 669; x_wconf 85' lang='lat' dir='ltr'>justum</span> <span class='ocrx_word' id='word_1_24' title='bbox 956 602 1010 654; x_wconf 88' lang='grc' dir='ltr'><strong>εει.</strong></span> <span class='ocrx_word' id='word_1_25' title='bbox 1027 596 1149 652; x_wconf 89' lang='lat' dir='ltr'>Nullum</span> <span class='ocrx_word' id='word_1_26' title='bbox 1166 594 1277 655; x_wconf 77' lang='lat' dir='ltr'>melum</span> <span class='ocrx_word' id='word_1_27' title='bbox 1292 595 1404 654; x_wconf 90' lang='lat' dir='ltr'>bonum</span> <span class='ocrx_word' id='word_1_28' title='bbox 1418 599 1478 655; x_wconf 88' lang='lat' dir='ltr'>est.</span> 
     </span>
     <span class='ocr_line' id='line_1_5' title="bbox 521 684 1173 760; baseline 0 -18"><span class='ocrx_word' id='word_1_29' title='bbox 521 684 672 750; x_wconf 76' lang='lat' dir='ltr'>Quoddrm</span> <span class='ocrx_word' id='word_1_30' title='bbox 686 685 776 760; x_wconf 78' lang='lat' dir='ltr'>igitur</span> <span class='ocrx_word' id='word_1_31' title='bbox 785 687 903 759; x_wconf 76' lang='lat' dir='ltr'>justum</span> <span class='ocrx_word' id='word_1_32' title='bbox 918 685 1030 744; x_wconf 86' lang='lat' dir='ltr'>melum</span> <span class='ocrx_word' id='word_1_33' title='bbox 1043 702 1102 744; x_wconf 91' lang='lat' dir='ltr'>nou</span> <span class='ocrx_word' id='word_1_34' title='bbox 1118 688 1173 743; x_wconf 88' lang='grc' dir='ltr'><strong>εει.</strong></span> 
     </span>
    </p>
   </div>
   <div class='ocr_carea' id='block_1_3' title="bbox 272 793 1503 1582">
    <p class='ocr_par' dir='ltr' id='par_1_4' title="bbox 795 793 1143 866">
     <span class='ocr_line' id='line_1_6' title="bbox 795 793 1143 866; baseline -0.003 -16"><span class='ocrx_word' id='word_1_35' title='bbox 795 794 928 852; x_wconf 68' lang='lat' dir='ltr'>Secunde</span> <span class='ocrx_word' id='word_1_36' title='bbox 942 795 1043 866; x_wconf 73' lang='lat' dir='ltr'>fiosrae</span> <span class='ocrx_word' id='word_1_37' title='bbox 1057 793 1143 850; x_wconf 79' lang='lat' dir='ltr'>motti.</span> 
     </span>
    </p>

    <p class='ocr_par' dir='ltr' id='par_1_5' title="bbox 273 877 1406 1046">
     <span class='ocr_line' id='line_1_7' title="bbox 273 877 1406 954; baseline 0.003 -19"><span class='ocrx_word' id='word_1_38' title='bbox 273 877 389 936; x_wconf 90' lang='lat' dir='ltr'>Primus</span> <span class='ocrx_word' id='word_1_39' title='bbox 523 881 644 939; x_wconf 89' lang='lat' dir='ltr'>Nullum</span> <span class='ocrx_word' id='word_1_40' title='bbox 661 883 773 940; x_wconf 86' lang='lat' dir='ltr'>melum</span> <span class='ocrx_word' id='word_1_41' title='bbox 788 884 900 941; x_wconf 92' lang='lat' dir='ltr'>bouum</span> <span class='ocrx_word' id='word_1_42' title='bbox 915 888 970 942; x_wconf 97' lang='grc' dir='ltr'><strong>εει.</strong></span> <span class='ocrx_word' id='word_1_43' title='bbox 986 883 1207 954; x_wconf 85' lang='lat' dir='ltr'>Omnsjustum</span> <span class='ocrx_word' id='word_1_44' title='bbox 1222 881 1334 940; x_wconf 91' lang='lat' dir='ltr'>bonum</span> <span class='ocrx_word' id='word_1_45' title='bbox 1351 885 1406 940; x_wconf 87' lang='lat' dir='ltr'>est.</span> 
     </span>
     <span class='ocr_line' id='line_1_8' title="bbox 525 970 1363 1046; baseline 0.002 -19"><span class='ocrx_word' id='word_1_46' title='bbox 525 970 647 1028; x_wconf 85' lang='lat' dir='ltr'>Nullum</span> <span class='ocrx_word' id='word_1_47' title='bbox 663 972 880 1046; x_wconf 82' lang='lat' dir='ltr'>igiturjustum</span> <span class='ocrx_word' id='word_1_48' title='bbox 896 973 1005 1030; x_wconf 85' lang='lat' dir='ltr'>mutum</span> <span class='ocrx_word' id='word_1_49' title='bbox 1021 976 1076 1030; x_wconf 89' lang='lat' dir='ltr'>est.</span> <span class='ocrx_word' id='word_1_50' title='bbox 1361 989 1363 992; x_wconf 88' lang='lat'>·</span> 
     </span>
    </p>

    <p class='ocr_par' dir='ltr' id='par_1_6' title="bbox 272 1058 1399 1225">
     <span class='ocr_line' id='line_1_9' title="bbox 272 1058 1399 1133; baseline 0.004 -20"><span class='ocrx_word' id='word_1_51' title='bbox 272 1058 428 1116; x_wconf 75' lang='lat' dir='ltr'>seeundus</span> <span class='ocrx_word' id='word_1_52' title='bbox 524 1060 864 1133; x_wconf 81' lang='lat' dir='ltr'>OmneJ&#39;ustumbonum</span> <span class='ocrx_word' id='word_1_53' title='bbox 880 1067 934 1121; x_wconf 92' lang='grc' dir='ltr'><strong>εει.</strong></span> <span class='ocrx_word' id='word_1_54' title='bbox 950 1061 1072 1119; x_wconf 86' lang='lat' dir='ltr'>Nullum</span> <span class='ocrx_word' id='word_1_55' title='bbox 1087 1059 1200 1118; x_wconf 82' lang='lat' dir='ltr'>melum</span> <span class='ocrx_word' id='word_1_56' title='bbox 1215 1059 1324 1117; x_wconf 88' lang='lat' dir='ltr'>bonum</span> <span class='ocrx_word' id='word_1_57' title='bbox 1343 1062 1399 1118; x_wconf 86' lang='lat' dir='ltr'>eet.</span> 
     </span>
     <span class='ocr_line' id='line_1_10' title="bbox 525 1149 1080 1225; baseline 0 -19"><span class='ocrx_word' id='word_1_58' title='bbox 525 1149 646 1206; x_wconf 83' lang='lat' dir='ltr'>Nullum</span> <span class='ocrx_word' id='word_1_59' title='bbox 661 1151 753 1224; x_wconf 79' lang='lat' dir='ltr'>igitur</span> <span class='ocrx_word' id='word_1_60' title='bbox 769 1151 878 1209; x_wconf 78' lang='lat' dir='ltr'>mulum</span> <span class='ocrx_word' id='word_1_61' title='bbox 891 1155 1009 1225; x_wconf 77' lang='lat' dir='ltr'>justum</span> <span class='ocrx_word' id='word_1_62' title='bbox 1025 1157 1080 1208; x_wconf 90' lang='lat' dir='ltr'>est.</span> 
     </span>
    </p>

    <p class='ocr_par' dir='ltr' id='par_1_7' title="bbox 275 1236 1450 1403">
     <span class='ocr_line' id='line_1_11' title="bbox 275 1236 1450 1313; baseline 0.005 -20"><span class='ocrx_word' id='word_1_63' title='bbox 275 1236 393 1295; x_wconf 83' lang='lat' dir='ltr'>Tertius</span> <span class='ocrx_word' id='word_1_64' title='bbox 519 1238 639 1296; x_wconf 88' lang='lat' dir='ltr'>Nullum</span> <span class='ocrx_word' id='word_1_65' title='bbox 656 1240 768 1297; x_wconf 80' lang='lat' dir='ltr'>melum</span> <span class='ocrx_word' id='word_1_66' title='bbox 784 1242 893 1298; x_wconf 91' lang='lat' dir='ltr'>bonum</span> <span class='ocrx_word' id='word_1_67' title='bbox 906 1246 961 1299; x_wconf 88' lang='lat' dir='ltr'>est.</span> <span class='ocrx_word' id='word_1_68' title='bbox 977 1241 1129 1308; x_wconf 84' lang='lat' dir='ltr'>Quoddsm</span> <span class='ocrx_word' id='word_1_69' title='bbox 1139 1240 1257 1313; x_wconf 84' lang='lat' dir='ltr'>justum</span> <span class='ocrx_word' id='word_1_70' title='bbox 1270 1239 1380 1298; x_wconf 92' lang='lat' dir='ltr'>bonum</span> <span class='ocrx_word' id='word_1_71' title='bbox 1395 1243 1450 1299; x_wconf 88' lang='lat' dir='ltr'>est.</span> 
     </span>
     <span class='ocr_line' id='line_1_12' title="bbox 521 1328 1180 1403; baseline 0.002 -19"><span class='ocrx_word' id='word_1_72' title='bbox 521 1329 674 1396; x_wconf 83' lang='lat' dir='ltr'>Quoddem</span> <span class='ocrx_word' id='word_1_73' title='bbox 689 1329 779 1403; x_wconf 80' lang='lat' dir='ltr'>igitur</span> <span class='ocrx_word' id='word_1_74' title='bbox 792 1331 906 1402; x_wconf 80' lang='lat' dir='ltr'>iustum</span> <span class='ocrx_word' id='word_1_75' title='bbox 922 1328 1035 1386; x_wconf 83' lang='lat' dir='ltr'>melum</span> <span class='ocrx_word' id='word_1_76' title='bbox 1051 1345 1109 1386; x_wconf 94' lang='lat' dir='ltr'>non</span> <span class='ocrx_word' id='word_1_77' title='bbox 1125 1333 1180 1386; x_wconf 92' lang='lat' dir='ltr'>est.</span> 
     </span>
    </p>

    <p class='ocr_par' dir='ltr' id='par_1_8' title="bbox 275 1417 1503 1582">
     <span class='ocr_line' id='line_1_13' title="bbox 275 1417 1503 1492; baseline 0.002 -20"><span class='ocrx_word' id='word_1_78' title='bbox 275 1417 403 1481; x_wconf 75' lang='lat' dir='ltr'>Quartus</span> <span class='ocrx_word' id='word_1_79' title='bbox 519 1417 737 1492; x_wconf 81' lang='lat' dir='ltr'>OmneJ&#39;ustum</span> <span class='ocrx_word' id='word_1_80' title='bbox 751 1421 862 1477; x_wconf 91' lang='lat' dir='ltr'>bonum</span> <span class='ocrx_word' id='word_1_81' title='bbox 877 1424 932 1476; x_wconf 87' lang='lat' dir='ltr'>est.</span> <span class='ocrx_word' id='word_1_82' title='bbox 944 1420 1096 1487; x_wconf 85' lang='lat' dir='ltr'>Quoddsm</span> <span class='ocrx_word' id='word_1_83' title='bbox 1113 1417 1223 1476; x_wconf 86' lang='lat' dir='ltr'>melum</span> <span class='ocrx_word' id='word_1_84' title='bbox 1241 1418 1352 1478; x_wconf 90' lang='lat' dir='ltr'>bonum</span> <span class='ocrx_word' id='word_1_85' title='bbox 1371 1434 1429 1480; x_wconf 89' lang='lat' dir='ltr'>nou</span> <span class='ocrx_word' id='word_1_86' title='bbox 1446 1421 1503 1477; x_wconf 88' lang='lat' dir='ltr'>est.</span> 
     </span>
     <span class='ocr_line' id='line_1_14' title="bbox 525 1507 1193 1582; baseline -0.003 -17"><span class='ocrx_word' id='word_1_87' title='bbox 525 1508 678 1575; x_wconf 74' lang='lat' dir='ltr'>Quoddsm</span> <span class='ocrx_word' id='word_1_88' title='bbox 693 1509 785 1582; x_wconf 81' lang='lat' dir='ltr'>igitur</span> <span class='ocrx_word' id='word_1_89' title='bbox 799 1509 912 1565; x_wconf 80' lang='lat' dir='ltr'>mulum</span> <span class='ocrx_word' id='word_1_90' title='bbox 926 1507 1046 1565; x_wconf 79' lang='lat' dir='ltr'>iustum</span> <span class='ocrx_word' id='word_1_91' title='bbox 1064 1523 1121 1564; x_wconf 94' lang='lat' dir='ltr'>non</span> <span class='ocrx_word' id='word_1_92' title='bbox 1137 1511 1193 1564; x_wconf 88' lang='lat' dir='ltr'>est.</span> 
     </span>
    </p>
   </div>
   <div class='ocr_carea' id='block_1_4' title="bbox 278 1611 1531 2941">
    <p class='ocr_par' dir='ltr' id='par_1_9' title="bbox 804 1611 1111 1687">
     <span class='ocr_line' id='line_1_15' title="bbox 804 1611 1111 1687; baseline -0.013 -15"><span class='ocrx_word' id='word_1_93' title='bbox 804 1614 903 1673; x_wconf 66' lang='lat' dir='ltr'>Terts‘ee</span> <span class='ocrx_word' id='word_1_94' title='bbox 913 1615 1013 1687; x_wconf 79' lang='lat' dir='ltr'>fipurae</span> <span class='ocrx_word' id='word_1_95' title='bbox 1026 1611 1111 1670; x_wconf 78' lang='lat' dir='ltr'>modi.</span> 
     </span>
    </p>

    <p class='ocr_par' dir='ltr' id='par_1_10' title="bbox 278 1698 1362 1868">
     <span class='ocr_line' id='line_1_16' title="bbox 278 1698 1362 1777; baseline 0 -21"><span class='ocrx_word' id='word_1_96' title='bbox 278 1698 396 1759; x_wconf 83' lang='lat' dir='ltr'>Primus</span> <span class='ocrx_word' id='word_1_97' title='bbox 535 1704 627 1761; x_wconf 92' lang='lat' dir='ltr'>Omne</span> <span class='ocrx_word' id='word_1_98' title='bbox 641 1703 752 1762; x_wconf 91' lang='lat' dir='ltr'>bonum</span> <span class='ocrx_word' id='word_1_99' title='bbox 762 1704 880 1777; x_wconf 81' lang='lat' dir='ltr'>justum</span> <span class='ocrx_word' id='word_1_100' title='bbox 894 1708 949 1761; x_wconf 90' lang='lat' dir='ltr'>est.</span> <span class='ocrx_word' id='word_1_101' title='bbox 965 1703 1058 1760; x_wconf 90' lang='lat' dir='ltr'>Omne</span> <span class='ocrx_word' id='word_1_102' title='bbox 1073 1702 1183 1759; x_wconf 92' lang='lat' dir='ltr'>bouum</span> <span class='ocrx_word' id='word_1_103' title='bbox 1198 1700 1292 1759; x_wconf 83' lang='lat' dir='ltr'>virtus</span> <span class='ocrx_word' id='word_1_104' title='bbox 1306 1704 1362 1759; x_wconf 90' lang='grc' dir='ltr'><strong>εει.</strong></span> 
     </span>
     <span class='ocr_line' id='line_1_17' title="bbox 544 1793 1060 1868; baseline -0.002 -19"><span class='ocrx_word' id='word_1_105' title='bbox 544 1794 683 1861; x_wconf 81' lang='lat' dir='ltr'>Quedsm</span> <span class='ocrx_word' id='word_1_106' title='bbox 697 1794 789 1868; x_wconf 80' lang='lat' dir='ltr'>igitur</span> <span class='ocrx_word' id='word_1_107' title='bbox 802 1793 894 1851; x_wconf 85' lang='lat' dir='ltr'>virtus</span> <span class='ocrx_word' id='word_1_108' title='bbox 906 1794 991 1866; x_wconf 76' lang='lat' dir='ltr'>juste</span> <span class='ocrx_word' id='word_1_109' title='bbox 1005 1796 1060 1849; x_wconf 86' lang='lat' dir='ltr'>est.</span> 
     </span>
    </p>

    <p class='ocr_par' dir='ltr' id='par_1_11' title="bbox 280 1880 1375 2045">
     <span class='ocr_line' id='line_1_18' title="bbox 280 1880 1375 1952; baseline 0.001 -16"><span class='ocrx_word' id='word_1_110' title='bbox 280 1880 433 1938; x_wconf 63' lang='lat' dir='ltr'>&amp;nundus</span> <span class='ocrx_word' id='word_1_111' title='bbox 546 1882 640 1940; x_wconf 90' lang='lat' dir='ltr'>Omne</span> <span class='ocrx_word' id='word_1_112' title='bbox 654 1882 764 1941; x_wconf 92' lang='lat' dir='ltr'>bonum</span> <span class='ocrx_word' id='word_1_113' title='bbox 778 1883 873 1940; x_wconf 81' lang='lat' dir='ltr'>virtus</span> <span class='ocrx_word' id='word_1_114' title='bbox 888 1887 943 1940; x_wconf 90' lang='grc' dir='ltr'><strong>εει.</strong></span> <span class='ocrx_word' id='word_1_115' title='bbox 959 1881 1052 1940; x_wconf 87' lang='lat' dir='ltr'>Omne</span> <span class='ocrx_word' id='word_1_116' title='bbox 1064 1881 1175 1937; x_wconf 93' lang='lat' dir='ltr'>bonum</span> <span class='ocrx_word' id='word_1_117' title='bbox 1185 1880 1304 1952; x_wconf 80' lang='lat' dir='ltr'>justum</span> <span class='ocrx_word' id='word_1_118' title='bbox 1319 1882 1375 1938; x_wconf 90' lang='grc' dir='ltr'><strong>εει.</strong></span> 
     </span>
     <span class='ocr_line' id='line_1_19' title="bbox 551 1968 1113 2045; baseline -0.005 -17"><span class='ocrx_word' id='word_1_119' title='bbox 551 1970 704 2035; x_wconf 80' lang='lat' dir='ltr'>Ouoddsm</span> <span class='ocrx_word' id='word_1_120' title='bbox 721 1972 810 2045; x_wconf 76' lang='lat' dir='ltr'>igitur</span> <span class='ocrx_word' id='word_1_121' title='bbox 819 1974 934 2044; x_wconf 76' lang='lat' dir='ltr'>justum</span> <span class='ocrx_word' id='word_1_122' title='bbox 947 1968 1042 2028; x_wconf 81' lang='lat' dir='ltr'>virtus</span> <span class='ocrx_word' id='word_1_123' title='bbox 1058 1973 1113 2026; x_wconf 92' lang='grc' dir='ltr'><strong>εει.</strong></span> 
     </span>
    </p>

    <p class='ocr_par' dir='ltr' id='par_1_12' title="bbox 281 2056 1425 2224">
     <span class='ocr_line' id='line_1_20' title="bbox 281 2056 1425 2131; baseline -0.001 -17"><span class='ocrx_word' id='word_1_124' title='bbox 281 2056 400 2116; x_wconf 79' lang='lat' dir='ltr'>Tertius</span> <span class='ocrx_word' id='word_1_125' title='bbox 552 2059 673 2120; x_wconf 88' lang='lat' dir='ltr'>Nullum</span> <span class='ocrx_word' id='word_1_126' title='bbox 687 2060 798 2119; x_wconf 86' lang='lat' dir='ltr'>bonum</span> <span class='ocrx_word' id='word_1_127' title='bbox 810 2061 922 2118; x_wconf 87' lang='lat' dir='ltr'>melum</span> <span class='ocrx_word' id='word_1_128' title='bbox 936 2062 991 2117; x_wconf 88' lang='lat' dir='ltr'>est.</span> <span class='ocrx_word' id='word_1_129' title='bbox 1007 2062 1097 2116; x_wconf 87' lang='lat' dir='ltr'>Omns</span> <span class='ocrx_word' id='word_1_130' title='bbox 1112 2058 1224 2115; x_wconf 90' lang='lat' dir='ltr'>bonnm</span> <span class='ocrx_word' id='word_1_131' title='bbox 1235 2058 1355 2131; x_wconf 79' lang='lat' dir='ltr'>iustum</span> <span class='ocrx_word' id='word_1_132' title='bbox 1369 2060 1425 2116; x_wconf 90' lang='grc' dir='ltr'><strong>εει.</strong></span> 
     </span>
     <span class='ocr_line' id='line_1_21' title="bbox 548 2148 1205 2224; baseline -0.002 -18"><span class='ocrx_word' id='word_1_133' title='bbox 548 2151 700 2218; x_wconf 85' lang='lat' dir='ltr'>Quoddsm</span> <span class='ocrx_word' id='word_1_134' title='bbox 715 2150 807 2224; x_wconf 80' lang='lat' dir='ltr'>igitur</span> <span class='ocrx_word' id='word_1_135' title='bbox 817 2152 934 2223; x_wconf 87' lang='lat' dir='ltr'>justum</span> <span class='ocrx_word' id='word_1_136' title='bbox 950 2148 1062 2206; x_wconf 79' lang='lat' dir='ltr'>mulum</span> <span class='ocrx_word' id='word_1_137' title='bbox 1078 2164 1135 2205; x_wconf 90' lang='lat' dir='ltr'>non</span> <span class='ocrx_word' id='word_1_138' title='bbox 1150 2151 1205 2205; x_wconf 88' lang='lat' dir='ltr'>est-</span> 
     </span>
    </p>

    <p class='ocr_par' dir='ltr' id='par_1_13' title="bbox 282 2234 1434 2403">
     <span class='ocr_line' id='line_1_22' title="bbox 282 2234 1434 2312; baseline 0 -19"><span class='ocrx_word' id='word_1_139' title='bbox 282 2234 409 2300; x_wconf 84' lang='lat' dir='ltr'>Qusrtus</span> <span class='ocrx_word' id='word_1_140' title='bbox 548 2240 700 2306; x_wconf 80' lang='lat' dir='ltr'>Quoddsm</span> <span class='ocrx_word' id='word_1_141' title='bbox 715 2240 826 2298; x_wconf 92' lang='lat' dir='ltr'>bonurn</span> <span class='ocrx_word' id='word_1_142' title='bbox 838 2241 954 2312; x_wconf 89' lang='lat' dir='ltr'>jnstum</span> <span class='ocrx_word' id='word_1_143' title='bbox 967 2242 1021 2296; x_wconf 89' lang='grc' dir='ltr'><strong>εει.</strong></span> <span class='ocrx_word' id='word_1_144' title='bbox 1037 2237 1131 2295; x_wconf 86' lang='lat' dir='ltr'>Omne</span> <span class='ocrx_word' id='word_1_145' title='bbox 1145 2239 1256 2294; x_wconf 92' lang='lat' dir='ltr'>bonum</span> <span class='ocrx_word' id='word_1_146' title='bbox 1271 2236 1364 2294; x_wconf 87' lang='lat' dir='ltr'>virtus</span> <span class='ocrx_word' id='word_1_147' title='bbox 1379 2241 1434 2295; x_wconf 88' lang='lat' dir='ltr'>est.</span> 
     </span>
     <span class='ocr_line' id='line_1_23' title="bbox 550 2328 1066 2403; baseline -0.004 -18"><span class='ocrx_word' id='word_1_148' title='bbox 550 2330 689 2397; x_wconf 80' lang='lat' dir='ltr'>Quedsm</span> <span class='ocrx_word' id='word_1_149' title='bbox 704 2329 796 2403; x_wconf 81' lang='lat' dir='ltr'>igitur</span> <span class='ocrx_word' id='word_1_150' title='bbox 808 2328 997 2401; x_wconf 81' lang='lat' dir='ltr'>virtusJuste</span> <span class='ocrx_word' id='word_1_151' title='bbox 1012 2331 1066 2384; x_wconf 86' lang='lat' dir='ltr'>est.</span> 
     </span>
    </p>

    <p class='ocr_par' dir='ltr' id='par_1_14' title="bbox 278 2414 1433 2580">
     <span class='ocr_line' id='line_1_24' title="bbox 278 2414 1433 2488; baseline 0.001 -17"><span class='ocrx_word' id='word_1_152' title='bbox 278 2414 405 2481; x_wconf 81' lang='lat' dir='ltr'>Quintus</span> <span class='ocrx_word' id='word_1_153' title='bbox 548 2416 641 2474; x_wconf 86' lang='lat' dir='ltr'>Omne</span> <span class='ocrx_word' id='word_1_154' title='bbox 655 2416 766 2475; x_wconf 91' lang='lat' dir='ltr'>bouum</span> <span class='ocrx_word' id='word_1_155' title='bbox 781 2417 874 2474; x_wconf 82' lang='lat' dir='ltr'>virtus</span> <span class='ocrx_word' id='word_1_156' title='bbox 888 2421 943 2476; x_wconf 86' lang='lat' dir='ltr'>est.</span> <span class='ocrx_word' id='word_1_157' title='bbox 958 2415 1233 2484; x_wconf 84' lang='lat' dir='ltr'>Quoddembonum</span> <span class='ocrx_word' id='word_1_158' title='bbox 1243 2415 1361 2488; x_wconf 81' lang='lat' dir='ltr'>justum</span> <span class='ocrx_word' id='word_1_159' title='bbox 1377 2417 1433 2473; x_wconf 88' lang='grc' dir='ltr'><strong>εει.</strong></span> 
     </span>
     <span class='ocr_line' id='line_1_25' title="bbox 554 2505 1116 2580; baseline -0.002 -18"><span class='ocrx_word' id='word_1_160' title='bbox 554 2507 706 2574; x_wconf 81' lang='lat' dir='ltr'>Quoddem</span> <span class='ocrx_word' id='word_1_161' title='bbox 720 2507 812 2580; x_wconf 80' lang='lat' dir='ltr'>igitur</span> <span class='ocrx_word' id='word_1_162' title='bbox 821 2508 939 2579; x_wconf 85' lang='lat' dir='ltr'>justum</span> <span class='ocrx_word' id='word_1_163' title='bbox 953 2505 1048 2563; x_wconf 87' lang='lat' dir='ltr'>virtus</span> <span class='ocrx_word' id='word_1_164' title='bbox 1061 2508 1116 2562; x_wconf 86' lang='lat' dir='ltr'>est.</span> 
     </span>
    </p>

    <p class='ocr_par' dir='ltr' id='par_1_15' title="bbox 281 2593 1531 2760">
     <span class='ocr_line' id='line_1_26' title="bbox 281 2593 1531 2666; baseline 0 -16"><span class='ocrx_word' id='word_1_165' title='bbox 281 2594 388 2651; x_wconf 85' lang='lat' dir='ltr'>Sextus</span> <span class='ocrx_word' id='word_1_166' title='bbox 549 2594 701 2659; x_wconf 84' lang='lat' dir='ltr'>Quoddsm</span> <span class='ocrx_word' id='word_1_167' title='bbox 716 2597 827 2654; x_wconf 89' lang='lat' dir='ltr'>bonum</span> <span class='ocrx_word' id='word_1_168' title='bbox 844 2596 956 2652; x_wconf 86' lang='lat' dir='ltr'>melum</span> <span class='ocrx_word' id='word_1_169' title='bbox 971 2610 1029 2652; x_wconf 90' lang='lat' dir='ltr'>non</span> <span class='ocrx_word' id='word_1_170' title='bbox 1045 2599 1099 2651; x_wconf 89' lang='lat' dir='ltr'>est.</span> <span class='ocrx_word' id='word_1_171' title='bbox 1111 2594 1205 2652; x_wconf 89' lang='lat' dir='ltr'>Omne</span> <span class='ocrx_word' id='word_1_172' title='bbox 1219 2595 1331 2652; x_wconf 90' lang='lat' dir='ltr'>bonum</span> <span class='ocrx_word' id='word_1_173' title='bbox 1341 2593 1460 2666; x_wconf 79' lang='lat' dir='ltr'>justum</span> <span class='ocrx_word' id='word_1_174' title='bbox 1476 2596 1531 2653; x_wconf 88' lang='lat' dir='ltr'>est.</span> 
     </span>
     <span class='ocr_line' id='line_1_27' title="bbox 550 2684 1208 2760; baseline -0.002 -18"><span class='ocrx_word' id='word_1_175' title='bbox 550 2686 701 2752; x_wconf 81' lang='lat' dir='ltr'>Quoddsm</span> <span class='ocrx_word' id='word_1_176' title='bbox 716 2686 808 2760; x_wconf 78' lang='lat' dir='ltr'>igitur</span> <span class='ocrx_word' id='word_1_177' title='bbox 817 2687 934 2760; x_wconf 89' lang='lat' dir='ltr'>justum</span> <span class='ocrx_word' id='word_1_178' title='bbox 950 2684 1062 2742; x_wconf 88' lang='lat' dir='ltr'>melum</span> <span class='ocrx_word' id='word_1_179' title='bbox 1079 2700 1136 2741; x_wconf 92' lang='lat' dir='ltr'>non</span> <span class='ocrx_word' id='word_1_180' title='bbox 1152 2689 1208 2741; x_wconf 90' lang='grc' dir='ltr'><strong>εει.</strong></span> 
     </span>
    </p>

    <p class='ocr_par' dir='ltr' id='par_1_16' title="bbox 280 2772 1476 2941">
     <span class='ocr_line' id='line_1_28' title="bbox 280 2772 1476 2847; baseline 0 -17"><span class='ocrx_word' id='word_1_181' title='bbox 280 2774 428 2847; x_wconf 77' lang='lat' dir='ltr'>Septimus</span> <span class='ocrx_word' id='word_1_182' title='bbox 545 2775 666 2833; x_wconf 86' lang='lat' dir='ltr'>Nullum</span> <span class='ocrx_word' id='word_1_183' title='bbox 682 2778 793 2834; x_wconf 91' lang='lat' dir='ltr'>bouum</span> <span class='ocrx_word' id='word_1_184' title='bbox 808 2775 921 2834; x_wconf 80' lang='lat' dir='ltr'>melum</span> <span class='ocrx_word' id='word_1_185' title='bbox 936 2779 991 2833; x_wconf 89' lang='lat' dir='ltr'>est.</span> <span class='ocrx_word' id='word_1_186' title='bbox 1006 2774 1156 2840; x_wconf 82' lang='lat' dir='ltr'>Quoddem</span> <span class='ocrx_word' id='word_1_187' title='bbox 1173 2772 1409 2846; x_wconf 84' lang='lat' dir='ltr'>bonumjustum</span> <span class='ocrx_word' id='word_1_188' title='bbox 1421 2776 1476 2830; x_wconf 89' lang='lat' dir='ltr'>est.</span> 
     </span>
     <span class='ocr_line' id='line_1_29' title="bbox 549 2865 1212 2941; baseline -0.005 -18"><span class='ocrx_word' id='word_1_189' title='bbox 549 2867 702 2933; x_wconf 86' lang='lat' dir='ltr'>Quoddsm</span> <span class='ocrx_word' id='word_1_190' title='bbox 718 2866 937 2941; x_wconf 80' lang='lat' dir='ltr'>igiturjustum</span> <span class='ocrx_word' id='word_1_191' title='bbox 954 2865 1066 2922; x_wconf 87' lang='lat' dir='ltr'>melum</span> <span class='ocrx_word' id='word_1_192' title='bbox 1081 2880 1139 2921; x_wconf 93' lang='lat' dir='ltr'>non</span> <span class='ocrx_word' id='word_1_193' title='bbox 1155 2869 1212 2922; x_wconf 87' lang='lat' dir='ltr'>est.</span> 
     </span>
    </p>
   </div>
   <div class='ocr_carea' id='block_1_5' title="bbox 119 2969 1827 3582">
    <p class='ocr_par' dir='ltr' id='par_1_17' title="bbox 119 2969 1827 3582">
     <span class='ocr_line' id='line_1_30' title="bbox 119 2969 1825 3048; baseline -0.003 -19"><span class='ocrx_word' id='word_1_194' title='bbox 119 2970 154 3029; x_wconf 88' lang='lat' dir='ltr'>lii</span> <span class='ocrx_word' id='word_1_195' title='bbox 167 2972 444 3045; x_wconf 80' lang='lat' dir='ltr'>suntigituromnes</span> <span class='ocrx_word' id='word_1_196' title='bbox 454 2973 542 3031; x_wconf 92' lang='lat' dir='ltr'>trium</span> <span class='ocrx_word' id='word_1_197' title='bbox 554 2974 717 3048; x_wconf 78' lang='lat' dir='ltr'>figurarum</span> <span class='ocrx_word' id='word_1_198' title='bbox 729 2974 808 3031; x_wconf 89' lang='lat' dir='ltr'>modi</span> <span class='ocrx_word' id='word_1_199' title='bbox 818 2991 943 3047; x_wconf 88' lang='lat' dir='ltr'>quorum</span> <span class='ocrx_word' id='word_1_200' title='bbox 958 2979 986 3046; x_wconf 67' lang='grc' dir='ltr'><strong>Α</strong></span> <span class='ocrx_word' id='word_1_201' title='bbox 1000 2972 1120 3041; x_wconf 85' lang='lat' dir='ltr'>buntur,</span> <span class='ocrx_word' id='word_1_202' title='bbox 1136 2987 1266 3046; x_wconf 84' lang='lat' dir='ltr'>nemque</span> <span class='ocrx_word' id='word_1_203' title='bbox 1281 2971 1312 3028; x_wconf 92' lang='lat' dir='ltr'>in</span> <span class='ocrx_word' id='word_1_204' title='bbox 1327 2971 1409 3046; x_wconf 92' lang='lat' dir='ltr'>ipsos</span> <span class='ocrx_word' id='word_1_205' title='bbox 1421 2969 1627 3028; x_wconf 85' lang='lat' dir='ltr'>resolvuntur:</span> <span class='ocrx_word' id='word_1_206' title='bbox 1649 2973 1684 3027; x_wconf 91' lang='lat' dir='ltr'>ut</span> <span class='ocrx_word' id='word_1_207' title='bbox 1699 2984 1750 3027; x_wconf 89' lang='lat' dir='ltr'>eos</span> <span class='ocrx_word' id='word_1_208' title='bbox 1774 2982 1825 3044; x_wconf 91' lang='lat' dir='ltr'>per</span> 
     </span>
     <span class='ocr_line' id='line_1_31' title="bbox 119 3058 1821 3138; baseline -0.001 -21"><span class='ocrx_word' id='word_1_209' title='bbox 119 3062 221 3134; x_wconf 85' lang='lat' dir='ltr'>primes</span> <span class='ocrx_word' id='word_1_210' title='bbox 237 3062 339 3135; x_wconf 74' lang='lat' dir='ltr'>ligures</span> <span class='ocrx_word' id='word_1_211' title='bbox 354 3064 592 3138; x_wconf 80' lang='lat' dir='ltr'>quatuorprims</span> <span class='ocrx_word' id='word_1_212' title='bbox 603 3063 884 3122; x_wconf 72' lang='lat' dir='ltr'>indemonstrabiles</span> <span class='ocrx_word' id='word_1_213' title='bbox 895 3081 946 3121; x_wconf 94' lang='lat' dir='ltr'>no·</span> <span class='ocrx_word' id='word_1_214' title='bbox 1000 3062 1220 3119; x_wconf 78' lang='lat' dir='ltr'>couversionem</span> <span class='ocrx_word' id='word_1_215' title='bbox 1237 3058 1821 3136; x_wconf 77' lang='lat' dir='ltr'>resolvemus‚etperimpossibilitatem,</span> 
     </span>
     <span class='ocr_line' id='line_1_32' title="bbox 120 3149 1825 3226; baseline 0 -20"><span class='ocrx_word' id='word_1_216' title='bbox 120 3150 271 3207; x_wconf 77' lang='lat' dir='ltr'>minentur</span> <span class='ocrx_word' id='word_1_217' title='bbox 285 3155 314 3208; x_wconf 91' lang='lat' dir='ltr'>et</span> <span class='ocrx_word' id='word_1_218' title='bbox 329 3151 444 3222; x_wconf 88' lang='lat' dir='ltr'>direoti,</span> <span class='ocrx_word' id='word_1_219' title='bbox 458 3153 488 3208; x_wconf 90' lang='lat' dir='ltr'>id</span> <span class='ocrx_word' id='word_1_220' title='bbox 503 3158 549 3210; x_wconf 89' lang='lat' dir='ltr'>est</span> <span class='ocrx_word' id='word_1_221' title='bbox 563 3153 628 3210; x_wconf 89' lang='lat' dir='ltr'>sine</span> <span class='ocrx_word' id='word_1_222' title='bbox 639 3152 738 3226; x_wconf 84' lang='lat' dir='ltr'>ulique</span> <span class='ocrx_word' id='word_1_223' title='bbox 758 3153 948 3211; x_wconf 87' lang='lat' dir='ltr'>eonversions</span> <span class='ocrx_word' id='word_1_224' title='bbox 1000 3156 1034 3208; x_wconf 93' lang='lat' dir='ltr'>ut</span> <span class='ocrx_word' id='word_1_225' title='bbox 1055 3153 1113 3208; x_wconf 90' lang='lat' dir='ltr'>duo</span> <span class='ocrx_word' id='word_1_226' title='bbox 1140 3150 1183 3207; x_wconf 93' lang='lat' dir='ltr'>illi</span> <span class='ocrx_word' id='word_1_227' title='bbox 1199 3151 1337 3224; x_wconf 87' lang='lat' dir='ltr'>superius</span> <span class='ocrx_word' id='word_1_228' title='bbox 1351 3151 1544 3208; x_wconf 73' lang='lat' dir='ltr'>demonstrati</span> <span class='ocrx_word' id='word_1_229' title='bbox 1560 3155 1640 3218; x_wconf 87' lang='lat' dir='ltr'>sunt,</span> <span class='ocrx_word' id='word_1_230' title='bbox 1656 3149 1825 3208; x_wconf 80' lang='lat' dir='ltr'>considere-</span> 
     </span>
     <span class='ocr_line' id='line_1_33' title="bbox 119 3238 1824 3315; baseline 0 -19"><span class='ocrx_word' id='word_1_231' title='bbox 119 3239 824 3313; x_wconf 77' lang='lat' dir='ltr'>monstreti3indemonstrabileseutemquonism</span> <span class='ocrx_word' id='word_1_232' title='bbox 832 3260 889 3299; x_wconf 93' lang='lat' dir='ltr'>uon</span> <span class='ocrx_word' id='word_1_233' title='bbox 897 3259 948 3315; x_wconf 90' lang='lat' dir='ltr'>per</span> <span class='ocrx_word' id='word_1_234' title='bbox 1001 3256 1069 3297; x_wconf 92' lang='lat' dir='ltr'>mus</span> <span class='ocrx_word' id='word_1_235' title='bbox 1085 3239 1175 3313; x_wconf 81' lang='lat' dir='ltr'>igitur</span> <span class='ocrx_word' id='word_1_236' title='bbox 1194 3257 1294 3297; x_wconf 90' lang='lat' dir='ltr'>eorum</span> <span class='ocrx_word' id='word_1_237' title='bbox 1313 3239 1467 3313; x_wconf 79' lang='lat' dir='ltr'>principie,</span> <span class='ocrx_word' id='word_1_238' title='bbox 1482 3238 1623 3314; x_wconf 82' lang='lat' dir='ltr'>quonium</span> <span class='ocrx_word' id='word_1_239' title='bbox 1653 3241 1733 3295; x_wconf 83' lang='lat' dir='ltr'>unde</span> <span class='ocrx_word' id='word_1_240' title='bbox 1758 3255 1824 3296; x_wconf 82' lang='lat' dir='ltr'>nue-</span> 
     </span>
     <span class='ocr_line' id='line_1_34' title="bbox 120 3325 1825 3404; baseline -0.002 -19"><span class='ocrx_word' id='word_1_241' title='bbox 120 3325 194 3385; x_wconf 84' lang='lat' dir='ltr'>elios</span> <span class='ocrx_word' id='word_1_242' title='bbox 205 3329 458 3397; x_wconf 75' lang='lat' dir='ltr'><strong>demonstrantur,</strong></span> <span class='ocrx_word' id='word_1_243' title='bbox 471 3335 500 3386; x_wconf 89' lang='lat' dir='ltr'>et</span> <span class='ocrx_word' id='word_1_244' title='bbox 512 3330 631 3402; x_wconf 74' lang='lat' dir='ltr'>persenti</span> <span class='ocrx_word' id='word_1_245' title='bbox 641 3330 791 3400; x_wconf 81' lang='lat' dir='ltr'>dicuntur,</span> <span class='ocrx_word' id='word_1_246' title='bbox 806 3332 945 3404; x_wconf 86' lang='lat' dir='ltr'>quonism</span> <span class='ocrx_word' id='word_1_247' title='bbox 1001 3330 1109 3385; x_wconf 88' lang='lat' dir='ltr'>euntur</span> <span class='ocrx_word' id='word_1_248' title='bbox 1124 3328 1153 3384; x_wconf 95' lang='lat' dir='ltr'>in</span> <span class='ocrx_word' id='word_1_249' title='bbox 1169 3328 1298 3402; x_wconf 88' lang='lat' dir='ltr'>idipsum</span> <span class='ocrx_word' id='word_1_250' title='bbox 1315 3327 1646 3395; x_wconf 85' lang='lat' dir='ltr'>resolvuntur.0uintus</span> <span class='ocrx_word' id='word_1_251' title='bbox 1657 3326 1751 3399; x_wconf 75' lang='lat' dir='ltr'>igitur</span> <span class='ocrx_word' id='word_1_252' title='bbox 1766 3325 1825 3402; x_wconf 93' lang='lat' dir='ltr'>pri-</span> 
     </span>
     <span class='ocr_line' id='line_1_35' title="bbox 119 3416 1827 3494; baseline 0 -21"><span class='ocrx_word' id='word_1_253' title='bbox 119 3417 296 3489; x_wconf 85' lang='lat' dir='ltr'>perseipsos</span> <span class='ocrx_word' id='word_1_254' title='bbox 308 3419 548 3492; x_wconf 85' lang='lat' dir='ltr'>eomprobuntur.</span> <span class='ocrx_word' id='word_1_255' title='bbox 565 3419 599 3474; x_wconf 79' lang='lat' dir='ltr'>lit</span> <span class='ocrx_word' id='word_1_256' title='bbox 611 3419 698 3491; x_wconf 92' lang='lat' dir='ltr'>primi</span> <span class='ocrx_word' id='word_1_257' title='bbox 709 3420 850 3492; x_wconf 86' lang='lat' dir='ltr'>quonium</span> <span class='ocrx_word' id='word_1_258' title='bbox 866 3421 946 3494; x_wconf 89' lang='lat' dir='ltr'>posi·</span> <span class='ocrx_word' id='word_1_259' title='bbox 1002 3418 1172 3492; x_wconf 77' lang='lat' dir='ltr'>msegurs</span> <span class='ocrx_word' id='word_1_260' title='bbox 1186 3418 1344 3476; x_wconf 90' lang='lat' dir='ltr'>modusde</span> <span class='ocrx_word' id='word_1_261' title='bbox 1363 3419 1466 3492; x_wconf 82' lang='lat' dir='ltr'>primae</span> <span class='ocrx_word' id='word_1_262' title='bbox 1495 3417 1590 3491; x_wconf 92' lang='lat' dir='ltr'>primo</span> <span class='ocrx_word' id='word_1_263' title='bbox 1614 3416 1717 3491; x_wconf 82' lang='lat' dir='ltr'>ligures</span> <span class='ocrx_word' id='word_1_264' title='bbox 1739 3416 1827 3474; x_wconf 88' lang='lat' dir='ltr'>modo</span> 
     </span>
     <span class='ocr_line' id='line_1_36' title="bbox 120 3505 1825 3582; baseline 0.001 -19"><span class='ocrx_word' id='word_1_265' title='bbox 120 3505 200 3563; x_wconf 88' lang='lat' dir='ltr'>tione</span> <span class='ocrx_word' id='word_1_266' title='bbox 213 3510 242 3563; x_wconf 93' lang='grc' dir='ltr'>ει</span> <span class='ocrx_word' id='word_1_267' title='bbox 257 3513 363 3563; x_wconf 78' lang='lat' dir='ltr'>netur-s</span> <span class='ocrx_word' id='word_1_268' title='bbox 378 3507 466 3581; x_wconf 92' lang='lat' dir='ltr'>primi</span> <span class='ocrx_word' id='word_1_269' title='bbox 482 3513 564 3577; x_wconf 90' lang='lat' dir='ltr'>sunt,</span> <span class='ocrx_word' id='word_1_270' title='bbox 578 3513 608 3565; x_wconf 90' lang='grc' dir='ltr'>ει</span> <span class='ocrx_word' id='word_1_271' title='bbox 620 3509 649 3565; x_wconf 93' lang='lat' dir='ltr'>in</span> <span class='ocrx_word' id='word_1_272' title='bbox 663 3524 713 3565; x_wconf 92' lang='lat' dir='ltr'>eos</span> <span class='ocrx_word' id='word_1_273' title='bbox 732 3525 835 3567; x_wconf 90' lang='lat' dir='ltr'>omnes</span> <span class='ocrx_word' id='word_1_274' title='bbox 850 3510 945 3568; x_wconf 75' lang='lat' dir='ltr'>ceteri</span> <span class='ocrx_word' id='word_1_275' title='bbox 1001 3514 1182 3582; x_wconf 76' lang='lat' dir='ltr'>procreetur.</span> <span class='ocrx_word' id='word_1_276' title='bbox 1199 3509 1280 3566; x_wconf 81' lang='lat' dir='ltr'>binis</span> <span class='ocrx_word' id='word_1_277' title='bbox 1295 3509 1375 3566; x_wconf 91' lang='lat' dir='ltr'>enim</span> <span class='ocrx_word' id='word_1_278' title='bbox 1399 3508 1651 3582; x_wconf 73' lang='lat' dir='ltr'>propositionibus</span> <span class='ocrx_word' id='word_1_279' title='bbox 1676 3508 1825 3581; x_wconf 77' lang='lat' dir='ltr'>prioribus</span> 
     </span>
    </p>
   </div>
   <div class='ocr_carea' id='block_1_6' title="bbox 15 3595 1824 3673">
    <p class='ocr_par' dir='ltr' id='par_1_18' title="bbox 15 3595 1824 3673">
     <span class='ocr_line' id='line_1_37' title="bbox 15 3595 1824 3673; baseline -0.001 -19"><span class='ocrx_word' id='word_1_280' title='bbox 15 3632 22 3643; x_wconf 88' lang='lat'><em>·</em></span> <span class='ocrx_word' id='word_1_281' title='bbox 119 3595 856 3672; x_wconf 79' lang='lat' dir='ltr'>resolvuntur.llliquoquequiuqueprimstigurae</span> <span class='ocrx_word' id='word_1_282' title='bbox 867 3600 945 3656; x_wconf 89' lang='lat' dir='ltr'>modi</span> <span class='ocrx_word' id='word_1_283' title='bbox 1001 3599 1202 3668; x_wconf 80' lang='lat' dir='ltr'>manentibus,</span> <span class='ocrx_word' id='word_1_284' title='bbox 1219 3599 1369 3657; x_wconf 78' lang='lat' dir='ltr'>conclusio</span> <span class='ocrx_word' id='word_1_285' title='bbox 1384 3600 1471 3672; x_wconf 90' lang='lat' dir='ltr'>primi</span> <span class='ocrx_word' id='word_1_286' title='bbox 1501 3598 1580 3655; x_wconf 89' lang='lat' dir='ltr'>modi</span> <span class='ocrx_word' id='word_1_287' title='bbox 1605 3597 1824 3673; x_wconf 80' lang='lat' dir='ltr'>pertioulsriter</span> 
     </span>
    </p>
   </div>
   <div class='ocr_carea' id='block_1_7' title="bbox 119 3686 1826 3944">
    <p class='ocr_par' dir='ltr' id='par_1_19' title="bbox 119 3686 1826 3944">
     <span class='ocr_line' id='line_1_38' title="bbox 121 3686 1826 3762; baseline -0.001 -19"><span class='ocrx_word' id='word_1_288' title='bbox 121 3687 284 3761; x_wconf 87' lang='lat' dir='ltr'>imperteoti</span> <span class='ocrx_word' id='word_1_289' title='bbox 299 3689 945 3761; x_wconf 78' lang='lat' dir='ltr'>etperoouversionemsunt.Secundevero</span> <span class='ocrx_word' id='word_1_290' title='bbox 1001 3704 1141 3745; x_wconf 80' lang='lat' dir='ltr'>souuerse</span> <span class='ocrx_word' id='word_1_291' title='bbox 1169 3687 1308 3761; x_wconf 90' lang='lat' dir='ltr'>quintum</span> <span class='ocrx_word' id='word_1_292' title='bbox 1336 3688 1427 3745; x_wconf 85' lang='lat' dir='ltr'>elficit</span> <span class='ocrx_word' id='word_1_293' title='bbox 1455 3686 1673 3762; x_wconf 75' lang='lat' dir='ltr'>syllogismum,</span> <span class='ocrx_word' id='word_1_294' title='bbox 1691 3687 1770 3762; x_wconf 88' lang='lat' dir='ltr'>quod</span> <span class='ocrx_word' id='word_1_295' title='bbox 1796 3686 1826 3742; x_wconf 93' lang='lat' dir='ltr'>iu</span> 
     </span>
     <span class='ocr_line' id='line_1_39' title="bbox 121 3777 1545 3853; baseline 0 -20"><span class='ocrx_word' id='word_1_296' title='bbox 121 3777 234 3850; x_wconf 79' lang='lat' dir='ltr'>ligure,</span> <span class='ocrx_word' id='word_1_297' title='bbox 248 3779 293 3834; x_wconf 88' lang='lat' dir='ltr'>vel</span> <span class='ocrx_word' id='word_1_298' title='bbox 310 3780 412 3848; x_wconf 76' lang='lat' dir='ltr'>tertie,</span> <span class='ocrx_word' id='word_1_299' title='bbox 423 3795 527 3836; x_wconf 87' lang='lat' dir='ltr'>omues</span> <span class='ocrx_word' id='word_1_300' title='bbox 538 3779 700 3850; x_wconf 74' lang='lat' dir='ltr'>imperfecti</span> <span class='ocrx_word' id='word_1_301' title='bbox 711 3787 792 3849; x_wconf 89' lang='lat' dir='ltr'>sunt,</span> <span class='ocrx_word' id='word_1_302' title='bbox 804 3779 945 3853; x_wconf 87' lang='lat' dir='ltr'>quonism</span> <span class='ocrx_word' id='word_1_303' title='bbox 1000 3779 1134 3850; x_wconf 83' lang='lat' dir='ltr'>subjeets</span> <span class='ocrx_word' id='word_1_304' title='bbox 1148 3778 1315 3836; x_wconf 77' lang='lat' dir='ltr'>declaretur</span> <span class='ocrx_word' id='word_1_305' title='bbox 1329 3778 1545 3852; x_wconf 81' lang='lat' dir='ltr'>descriptione:</span> 
     </span>
     <span class='ocr_line' id='line_1_40' title="bbox 119 3868 944 3944; baseline 0.004 -22"><span class='ocrx_word' id='word_1_306' title='bbox 119 3882 172 3938; x_wconf 88' lang='lat' dir='ltr'>per</span> <span class='ocrx_word' id='word_1_307' title='bbox 186 3868 299 3941; x_wconf 92' lang='lat' dir='ltr'>primos</span> <span class='ocrx_word' id='word_1_308' title='bbox 314 3869 417 3941; x_wconf 73' lang='lat' dir='ltr'>prime</span> <span class='ocrx_word' id='word_1_309' title='bbox 434 3869 533 3943; x_wconf 79' lang='lat' dir='ltr'>ligure</span> <span class='ocrx_word' id='word_1_310' title='bbox 550 3871 652 3927; x_wconf 89' lang='lat' dir='ltr'>modos</span> <span class='ocrx_word' id='word_1_311' title='bbox 668 3876 795 3944; x_wconf 79' lang='lat' dir='ltr'>quotuor</span> <span class='ocrx_word' id='word_1_312' title='bbox 809 3885 944 3942; x_wconf 83' lang='lat' dir='ltr'>compro·</span> 
     </span>
    </p>
   </div>
   <div class='ocr_carea' id='block_1_8' title="bbox 404 3976 1551 4224">
    <p class='ocr_par' dir='ltr' id='par_1_20' title="bbox 404 3976 1551 4224">
     <span class='ocr_line' id='line_1_41' title="bbox 407 3976 1510 4051; baseline 0.001 -17"><span class='ocrx_word' id='word_1_313' title='bbox 407 3976 498 4034; x_wconf 89' lang='lat' dir='ltr'>Omne</span> <span class='ocrx_word' id='word_1_314' title='bbox 507 3977 624 4049; x_wconf 85' lang='lat' dir='ltr'>justum</span> <span class='ocrx_word' id='word_1_315' title='bbox 640 3978 748 4034; x_wconf 89' lang='lat' dir='ltr'>bonum</span> <span class='ocrx_word' id='word_1_316' title='bbox 765 3980 811 4033; x_wconf 91' lang='lat' dir='ltr'>est</span> <span class='ocrx_word' id='word_1_317' title='bbox 900 3977 1002 4034; x_wconf 83' lang='lat' dir='ltr'>eedem</span> <span class='ocrx_word' id='word_1_318' title='bbox 1093 3978 1186 4035; x_wconf 86' lang='lat' dir='ltr'>Omne</span> <span class='ocrx_word' id='word_1_319' title='bbox 1195 3979 1314 4051; x_wconf 82' lang='lat' dir='ltr'>justum</span> <span class='ocrx_word' id='word_1_320' title='bbox 1329 3979 1439 4035; x_wconf 91' lang='lat' dir='ltr'>bonum</span> <span class='ocrx_word' id='word_1_321' title='bbox 1453 3982 1510 4035; x_wconf 89' lang='lat' dir='ltr'>est.</span> 
     </span>
     <span class='ocr_line' id='line_1_42' title="bbox 404 4065 1462 4141; baseline 0.004 -23"><span class='ocrx_word' id='word_1_322' title='bbox 404 4065 506 4123; x_wconf 90' lang='lat' dir='ltr'>omnis</span> <span class='ocrx_word' id='word_1_323' title='bbox 521 4067 615 4122; x_wconf 89' lang='lat' dir='ltr'>virtus</span> <span class='ocrx_word' id='word_1_324' title='bbox 626 4067 710 4138; x_wconf 84' lang='lat' dir='ltr'>juste</span> <span class='ocrx_word' id='word_1_325' title='bbox 725 4070 771 4122; x_wconf 81' lang='lat' dir='ltr'>est</span> <span class='ocrx_word' id='word_1_326' title='bbox 899 4067 1002 4123; x_wconf 84' lang='lat' dir='ltr'>eedem</span> <span class='ocrx_word' id='word_1_327' title='bbox 1092 4068 1190 4124; x_wconf 87' lang='lat' dir='ltr'>Omnis</span> <span class='ocrx_word' id='word_1_328' title='bbox 1204 4069 1298 4124; x_wconf 85' lang='lat' dir='ltr'>virtus</span> <span class='ocrx_word' id='word_1_329' title='bbox 1313 4069 1394 4141; x_wconf 86' lang='lat' dir='ltr'>juste</span> <span class='ocrx_word' id='word_1_330' title='bbox 1407 4071 1462 4124; x_wconf 89' lang='lat' dir='ltr'>est.</span> 
     </span>
     <span class='ocr_line' id='line_1_43' title="bbox 405 4156 1551 4224; baseline -0.001 -10"><span class='ocrx_word' id='word_1_331' title='bbox 405 4158 508 4214; x_wconf 89' lang='lat' dir='ltr'>Omnis</span> <span class='ocrx_word' id='word_1_332' title='bbox 523 4156 616 4213; x_wconf 85' lang='lat' dir='ltr'>virtus</span> <span class='ocrx_word' id='word_1_333' title='bbox 632 4157 709 4213; x_wconf 84' lang='lat' dir='ltr'>boue</span> <span class='ocrx_word' id='word_1_334' title='bbox 723 4159 768 4214; x_wconf 89' lang='grc' dir='ltr'>εει</span> <span class='ocrx_word' id='word_1_335' title='bbox 900 4171 985 4213; x_wconf 79' lang='lat' dir='ltr'>versu</span> <span class='ocrx_word' id='word_1_336' title='bbox 1094 4158 1247 4224; x_wconf 80' lang='lat' dir='ltr'>Quoddsm</span> <span class='ocrx_word' id='word_1_337' title='bbox 1263 4158 1371 4216; x_wconf 85' lang='lat' dir='ltr'>bouum</span> <span class='ocrx_word' id='word_1_338' title='bbox 1386 4158 1481 4214; x_wconf 84' lang='lat' dir='ltr'>virtus</span> <span class='ocrx_word' id='word_1_339' title='bbox 1495 4159 1551 4215; x_wconf 88' lang='grc' dir='ltr'><strong>εει.</strong></span> 
     </span>
    </p>
   </div>
   <div class='ocr_carea' id='block_1_9' title="bbox 123 4261 1831 4516">
    <p class='ocr_par' dir='ltr' id='par_1_21' title="bbox 123 4261 1831 4516">
     <span class='ocr_line' id='line_1_44' title="bbox 123 4261 1831 4338; baseline 0 -16"><span class='ocrx_word' id='word_1_340' title='bbox 123 4264 228 4324; x_wconf 78' lang='lat' dir='ltr'>Sextus</span> <span class='ocrx_word' id='word_1_341' title='bbox 242 4263 420 4338; x_wconf 82' lang='lat' dir='ltr'>veroprims</span> <span class='ocrx_word' id='word_1_342' title='bbox 431 4263 530 4338; x_wconf 77' lang='lat' dir='ltr'>ligure</span> <span class='ocrx_word' id='word_1_343' title='bbox 540 4263 646 4320; x_wconf 91' lang='lat' dir='ltr'>modus</span> <span class='ocrx_word' id='word_1_344' title='bbox 656 4262 692 4319; x_wconf 89' lang='lat' dir='ltr'>de</span> <span class='ocrx_word' id='word_1_345' title='bbox 703 4262 831 4319; x_wconf 87' lang='lat' dir='ltr'>secundo</span> <span class='ocrx_word' id='word_1_346' title='bbox 843 4261 943 4336; x_wconf 82' lang='lat' dir='ltr'>prims</span> <span class='ocrx_word' id='word_1_347' title='bbox 959 4262 1100 4332; x_wconf 77' lang='lat' dir='ltr'>Beerssli</span> <span class='ocrx_word' id='word_1_348' title='bbox 1116 4262 1304 4322; x_wconf 89' lang='lat' dir='ltr'>eonulusions</span> <span class='ocrx_word' id='word_1_349' title='bbox 1327 4263 1533 4323; x_wconf 74' lang='lat' dir='ltr'>universaliter</span> <span class='ocrx_word' id='word_1_350' title='bbox 1557 4280 1709 4334; x_wconf 80' lang='lat' dir='ltr'>converse,</span> <span class='ocrx_word' id='word_1_351' title='bbox 1732 4269 1831 4323; x_wconf 81' lang='lat' dir='ltr'>sextus</span> 
     </span>
     <span class='ocr_line' id='line_1_45' title="bbox 125 4351 1831 4429; baseline 0.002 -20"><span class='ocrx_word' id='word_1_352' title='bbox 125 4354 226 4426; x_wconf 81' lang='lat' dir='ltr'>ligure</span> <span class='ocrx_word' id='word_1_353' title='bbox 241 4353 329 4410; x_wconf 86' lang='lat' dir='ltr'>modo</span> <span class='ocrx_word' id='word_1_354' title='bbox 346 4353 427 4427; x_wconf 82' lang='lat' dir='ltr'>eupit</span> <span class='ocrx_word' id='word_1_355' title='bbox 454 4352 644 4427; x_wconf 75' lang='lat' dir='ltr'>principium.</span> <span class='ocrx_word' id='word_1_356' title='bbox 661 4351 847 4410; x_wconf 74' lang='lat' dir='ltr'>Manentibus</span> <span class='ocrx_word' id='word_1_357' title='bbox 871 4352 951 4410; x_wconf 84' lang='lat' dir='ltr'>enim</span> <span class='ocrx_word' id='word_1_358' title='bbox 1006 4354 1138 4411; x_wconf 87' lang='lat' dir='ltr'>nesoitur</span> <span class='ocrx_word' id='word_1_359' title='bbox 1151 4353 1353 4428; x_wconf 72' lang='lat' dir='ltr'>syllogismus,</span> <span class='ocrx_word' id='word_1_360' title='bbox 1369 4358 1399 4412; x_wconf 89' lang='lat' dir='ltr'>ut</span> <span class='ocrx_word' id='word_1_361' title='bbox 1415 4353 1550 4427; x_wconf 75' lang='lat' dir='ltr'>subieets</span> <span class='ocrx_word' id='word_1_362' title='bbox 1561 4353 1831 4429; x_wconf 74' lang='lat' dir='ltr'>eoostuessrtpsiot</span> 
     </span>
     <span class='ocr_line' id='line_1_46' title="bbox 124 4440 950 4516; baseline 0.004 -18"><span class='ocrx_word' id='word_1_363' title='bbox 124 4442 240 4498; x_wconf 80' lang='lat' dir='ltr'>duabus</span> <span class='ocrx_word' id='word_1_364' title='bbox 246 4440 395 4514; x_wconf 92' lang='lat' dir='ltr'>prioribus</span> <span class='ocrx_word' id='word_1_365' title='bbox 404 4442 950 4516; x_wconf 84' lang='lat' dir='ltr'>propositionibusseoundimodi‚uui-</span> 
     </span>
    </p>
   </div>
   <div class='ocr_carea' id='block_1_10' title="bbox 411 4547 1529 4801">
    <p class='ocr_par' dir='ltr' id='par_1_22' title="bbox 411 4547 1529 4801">
     <span class='ocr_line' id='line_1_47' title="bbox 411 4547 1525 4610; baseline 0.002 -6"><span class='ocrx_word' id='word_1_366' title='bbox 411 4547 531 4605; x_wconf 85' lang='lat' dir='ltr'>Nullum</span> <span class='ocrx_word' id='word_1_367' title='bbox 547 4549 657 4607; x_wconf 92' lang='lat' dir='ltr'>bouum</span> <span class='ocrx_word' id='word_1_368' title='bbox 674 4549 786 4608; x_wconf 81' lang='lat' dir='ltr'>melum</span> <span class='ocrx_word' id='word_1_369' title='bbox 802 4555 848 4609; x_wconf 90' lang='lat' dir='ltr'>est</span> <span class='ocrx_word' id='word_1_370' title='bbox 901 4552 1004 4610; x_wconf 85' lang='lat' dir='ltr'>eedem</span> <span class='ocrx_word' id='word_1_371' title='bbox 1076 4549 1202 4608; x_wconf 89' lang='lat' dir='ltr'>Nullum</span> <span class='ocrx_word' id='word_1_372' title='bbox 1217 4550 1328 4608; x_wconf 91' lang='lat' dir='ltr'>bonum</span> <span class='ocrx_word' id='word_1_373' title='bbox 1344 4549 1457 4607; x_wconf 86' lang='lat' dir='ltr'>mulum</span> <span class='ocrx_word' id='word_1_374' title='bbox 1473 4555 1525 4607; x_wconf 90' lang='lat' dir='ltr'>est.</span> 
     </span>
     <span class='ocr_line' id='line_1_48' title="bbox 414 4637 1496 4712; baseline 0.002 -18"><span class='ocrx_word' id='word_1_375' title='bbox 414 4637 506 4695; x_wconf 86' lang='lat' dir='ltr'>Omne</span> <span class='ocrx_word' id='word_1_376' title='bbox 517 4638 633 4710; x_wconf 84' lang='lat' dir='ltr'>justum</span> <span class='ocrx_word' id='word_1_377' title='bbox 647 4640 759 4697; x_wconf 91' lang='lat' dir='ltr'>bonum</span> <span class='ocrx_word' id='word_1_378' title='bbox 770 4645 815 4696; x_wconf 86' lang='lat' dir='ltr'>est</span> <span class='ocrx_word' id='word_1_379' title='bbox 901 4642 1006 4699; x_wconf 85' lang='lat' dir='ltr'>eudem</span> <span class='ocrx_word' id='word_1_380' title='bbox 1078 4641 1172 4697; x_wconf 89' lang='lat' dir='ltr'>Omns</span> <span class='ocrx_word' id='word_1_381' title='bbox 1187 4641 1299 4712; x_wconf 86' lang='lat' dir='ltr'>justum</span> <span class='ocrx_word' id='word_1_382' title='bbox 1315 4640 1426 4698; x_wconf 92' lang='lat' dir='ltr'>bouum</span> <span class='ocrx_word' id='word_1_383' title='bbox 1441 4644 1496 4696; x_wconf 89' lang='grc' dir='ltr'><strong>εει.</strong></span> 
     </span>
     <span class='ocr_line' id='line_1_49' title="bbox 413 4726 1529 4801; baseline 0.001 -18"><span class='ocrx_word' id='word_1_384' title='bbox 413 4726 535 4784; x_wconf 85' lang='lat' dir='ltr'>Nullum</span> <span class='ocrx_word' id='word_1_385' title='bbox 547 4729 664 4800; x_wconf 84' lang='lat' dir='ltr'>justum</span> <span class='ocrx_word' id='word_1_386' title='bbox 680 4727 793 4785; x_wconf 81' lang='lat' dir='ltr'>mulum</span> <span class='ocrx_word' id='word_1_387' title='bbox 808 4731 852 4783; x_wconf 86' lang='lat' dir='ltr'>est</span> <span class='ocrx_word' id='word_1_388' title='bbox 907 4744 991 4787; x_wconf 84' lang='lat' dir='ltr'>versu</span> <span class='ocrx_word' id='word_1_389' title='bbox 1080 4728 1204 4785; x_wconf 85' lang='lat' dir='ltr'>Nullum</span> <span class='ocrx_word' id='word_1_390' title='bbox 1220 4728 1332 4786; x_wconf 82' lang='lat' dir='ltr'>melum</span> <span class='ocrx_word' id='word_1_391' title='bbox 1344 4730 1460 4801; x_wconf 88' lang='lat' dir='ltr'>justum</span> <span class='ocrx_word' id='word_1_392' title='bbox 1475 4731 1529 4784; x_wconf 83' lang='lat' dir='ltr'>est</span> 
     </span>
    </p>
   </div>
   <div class='ocr_carea' id='block_1_11' title="bbox 124 4832 1835 5000">
    <p class='ocr_par' dir='ltr' id='par_1_23' title="bbox 124 4832 1835 5000">
     <span class='ocr_line' id='line_1_50' title="bbox 124 4832 1835 4909; baseline 0.001 -21"><span class='ocrx_word' id='word_1_393' title='bbox 124 4832 272 4904; x_wconf 86' lang='lat' dir='ltr'>Septimus</span> <span class='ocrx_word' id='word_1_394' title='bbox 282 4833 389 4890; x_wconf 88' lang='lat' dir='ltr'>modus</span> <span class='ocrx_word' id='word_1_395' title='bbox 400 4834 501 4907; x_wconf 79' lang='lat' dir='ltr'>prims</span> <span class='ocrx_word' id='word_1_396' title='bbox 512 4835 613 4909; x_wconf 81' lang='lat' dir='ltr'>figure</span> <span class='ocrx_word' id='word_1_397' title='bbox 625 4834 753 4892; x_wconf 77' lang='lat' dir='ltr'>detentio</span> <span class='ocrx_word' id='word_1_398' title='bbox 764 4833 864 4907; x_wconf 78' lang='lat' dir='ltr'>prims</span> <span class='ocrx_word' id='word_1_399' title='bbox 876 4834 952 4906; x_wconf 78' lang='lat' dir='ltr'>llgu·</span> <span class='ocrx_word' id='word_1_400' title='bbox 1012 4836 1144 4893; x_wconf 89' lang='lat' dir='ltr'>tionibus</span> <span class='ocrx_word' id='word_1_401' title='bbox 1153 4837 1312 4909; x_wconf 77' lang='lat' dir='ltr'>prioribus,</span> <span class='ocrx_word' id='word_1_402' title='bbox 1325 4834 1676 4909; x_wconf 87' lang='lat' dir='ltr'>psrtieulurisltlrmstivs</span> <span class='ocrx_word' id='word_1_403' title='bbox 1687 4833 1835 4892; x_wconf 89' lang='lat' dir='ltr'>ineonoln·</span> 
     </span>
     <span class='ocr_line' id='line_1_51' title="bbox 125 4921 1832 5000; baseline 0.001 -21"><span class='ocrx_word' id='word_1_404' title='bbox 125 4937 165 4979; x_wconf 80' lang='lat' dir='ltr'>ree</span> <span class='ocrx_word' id='word_1_405' title='bbox 179 4921 313 4978; x_wconf 85' lang='lat' dir='ltr'>nescitur</span> <span class='ocrx_word' id='word_1_406' title='bbox 328 4925 425 4980; x_wconf 85' lang='lat' dir='ltr'>modo.</span> <span class='ocrx_word' id='word_1_407' title='bbox 436 4924 625 4993; x_wconf 77' lang='lat' dir='ltr'>Manentibus</span> <span class='ocrx_word' id='word_1_408' title='bbox 636 4924 716 4980; x_wconf 89' lang='lat' dir='ltr'>enim</span> <span class='ocrx_word' id='word_1_409' title='bbox 729 4922 808 4979; x_wconf 86' lang='lat' dir='ltr'>binis</span> <span class='ocrx_word' id='word_1_410' title='bbox 819 4923 954 4995; x_wconf 90' lang='lat' dir='ltr'>proposi·</span> <span class='ocrx_word' id='word_1_411' title='bbox 1011 4925 1095 4983; x_wconf 86' lang='lat' dir='ltr'>sione</span> <span class='ocrx_word' id='word_1_412' title='bbox 1105 4943 1258 4991; x_wconf 83' lang='lat' dir='ltr'>converse,</span> <span class='ocrx_word' id='word_1_413' title='bbox 1269 4925 1389 4998; x_wconf 85' lang='lat' dir='ltr'>septimi</span> <span class='ocrx_word' id='word_1_414' title='bbox 1401 4925 1479 4981; x_wconf 92' lang='lat' dir='ltr'>modi</span> <span class='ocrx_word' id='word_1_415' title='bbox 1488 4924 1641 4982; x_wconf 86' lang='lat' dir='ltr'>eolloestio</span> <span class='ocrx_word' id='word_1_416' title='bbox 1650 4928 1832 5000; x_wconf 77' lang='lat' dir='ltr'>proerestur⁸</span> 
     </span>
    </p>
   </div>
   <div class='ocr_carea' id='block_1_12' title="bbox 410 5029 1582 5285">
    <p class='ocr_par' dir='ltr' id='par_1_24' title="bbox 410 5029 1582 5285">
     <span class='ocr_line' id='line_1_52' title="bbox 413 5029 1501 5090; baseline 0.002 -4"><span class='ocrx_word' id='word_1_417' title='bbox 413 5031 504 5088; x_wconf 88' lang='lat' dir='ltr'>Omne</span> <span class='ocrx_word' id='word_1_418' title='bbox 519 5031 629 5087; x_wconf 89' lang='lat' dir='ltr'>bonurn</span> <span class='ocrx_word' id='word_1_419' title='bbox 642 5029 736 5085; x_wconf 83' lang='lat' dir='ltr'>virtus</span> <span class='ocrx_word' id='word_1_420' title='bbox 752 5034 797 5085; x_wconf 87' lang='grc' dir='ltr'>εει</span> <span class='ocrx_word' id='word_1_421' title='bbox 906 5030 1007 5088; x_wconf 85' lang='lat' dir='ltr'>eedem</span> <span class='ocrx_word' id='word_1_422' title='bbox 1103 5034 1322 5090; x_wconf 81' lang='lat' dir='ltr'>omnebonum</span> <span class='ocrx_word' id='word_1_423' title='bbox 1339 5031 1501 5089; x_wconf 86' lang='lat' dir='ltr'>virtusest.</span> 
     </span>
     <span class='ocr_line' id='line_1_53' title="bbox 411 5118 1582 5195; baseline 0 -20"><span class='ocrx_word' id='word_1_424' title='bbox 411 5118 805 5190; x_wconf 79' lang='lat' dir='ltr'>Quodlsmjustumbonum</span> <span class='ocrx_word' id='word_1_425' title='bbox 818 5122 863 5175; x_wconf 89' lang='lat' dir='ltr'>est</span> <span class='ocrx_word' id='word_1_426' title='bbox 901 5120 1006 5178; x_wconf 88' lang='lat' dir='ltr'>eedem</span> <span class='ocrx_word' id='word_1_427' title='bbox 1104 5123 1255 5190; x_wconf 81' lang='lat' dir='ltr'>Quoddem</span> <span class='ocrx_word' id='word_1_428' title='bbox 1270 5124 1387 5195; x_wconf 88' lang='lat' dir='ltr'>justum</span> <span class='ocrx_word' id='word_1_429' title='bbox 1402 5123 1512 5179; x_wconf 91' lang='lat' dir='ltr'>bonum</span> <span class='ocrx_word' id='word_1_430' title='bbox 1528 5124 1582 5178; x_wconf 90' lang='grc' dir='ltr'><strong>εει.</strong></span> 
     </span>
     <span class='ocr_line' id='line_1_54' title="bbox 410 5206 1510 5285; baseline 0.005 -21"><span class='ocrx_word' id='word_1_431' title='bbox 410 5209 561 5274; x_wconf 83' lang='lat' dir='ltr'>Quoddsm</span> <span class='ocrx_word' id='word_1_432' title='bbox 573 5209 689 5279; x_wconf 85' lang='lat' dir='ltr'>justum</span> <span class='ocrx_word' id='word_1_433' title='bbox 704 5206 798 5264; x_wconf 84' lang='lat' dir='ltr'>virtus</span> <span class='ocrx_word' id='word_1_434' title='bbox 812 5211 858 5266; x_wconf 92' lang='lat' dir='ltr'>est</span> <span class='ocrx_word' id='word_1_435' title='bbox 900 5209 1025 5268; x_wconf 87' lang='lat' dir='ltr'>vertitur</span> <span class='ocrx_word' id='word_1_436' title='bbox 1103 5212 1242 5278; x_wconf 78' lang='lat' dir='ltr'>Qusdsm</span> <span class='ocrx_word' id='word_1_437' title='bbox 1256 5212 1349 5268; x_wconf 86' lang='lat' dir='ltr'>virtus</span> <span class='ocrx_word' id='word_1_438' title='bbox 1360 5213 1373 5285; x_wconf 75' lang='lat' dir='ltr'><strong>j</strong></span> <span class='ocrx_word' id='word_1_439' title='bbox 1379 5217 1444 5269; x_wconf 87' lang='lat' dir='ltr'>uste</span> <span class='ocrx_word' id='word_1_440' title='bbox 1456 5216 1510 5269; x_wconf 90' lang='lat' dir='ltr'>est.</span> 
     </span>
    </p>
   </div>
   <div class='ocr_carea' id='block_1_13' title="bbox 44 5314 1839 5661">
    <p class='ocr_par' dir='ltr' id='par_1_25' title="bbox 44 5314 1839 5661">
     <span class='ocr_line' id='line_1_55' title="bbox 44 5314 1838 5392; baseline -0.001 -20"><span class='ocrx_word' id='word_1_441' title='bbox 44 5382 48 5389; x_wconf 86' lang='lat'><em>.</em></span> <span class='ocrx_word' id='word_1_442' title='bbox 123 5314 697 5388; x_wconf 78' lang='lat' dir='ltr'>Oetsvusveroetnonusprirnaeilguroe</span> <span class='ocrx_word' id='word_1_443' title='bbox 709 5316 950 5389; x_wconf 82' lang='lat' dir='ltr'>modusinqusr-</span> <span class='ocrx_word' id='word_1_444' title='bbox 1003 5318 1483 5392; x_wconf 82' lang='lat' dir='ltr'>versutitereonvsrse,etprimu</span> <span class='ocrx_word' id='word_1_445' title='bbox 1513 5314 1713 5390; x_wconf 89' lang='lat' dir='ltr'>propositione</span> <span class='ocrx_word' id='word_1_446' title='bbox 1741 5314 1838 5375; x_wconf 84' lang='lat' dir='ltr'>oetsvi</span> 
     </span>
     <span class='ocr_line' id='line_1_56' title="bbox 120 5403 1839 5480; baseline 0.003 -20"><span class='ocrx_word' id='word_1_447' title='bbox 120 5409 182 5461; x_wconf 93' lang='lat' dir='ltr'>tum</span> <span class='ocrx_word' id='word_1_448' title='bbox 197 5404 298 5477; x_wconf 80' lang='lat' dir='ltr'>primes</span> <span class='ocrx_word' id='word_1_449' title='bbox 315 5406 415 5478; x_wconf 77' lang='lat' dir='ltr'>ligure</span> <span class='ocrx_word' id='word_1_450' title='bbox 432 5405 552 5461; x_wconf 85' lang='lat' dir='ltr'>modurn</span> <span class='ocrx_word' id='word_1_451' title='bbox 568 5403 765 5473; x_wconf 81' lang='lat' dir='ltr'>resolvuntur,</span> <span class='ocrx_word' id='word_1_452' title='bbox 781 5422 839 5462; x_wconf 92' lang='lat' dir='ltr'>non</span> <span class='ocrx_word' id='word_1_453' title='bbox 859 5408 948 5464; x_wconf 84' lang='lat' dir='ltr'>stium</span> <span class='ocrx_word' id='word_1_454' title='bbox 1005 5408 1084 5465; x_wconf 87' lang='lat' dir='ltr'>modi</span> <span class='ocrx_word' id='word_1_455' title='bbox 1101 5409 1319 5479; x_wconf 77' lang='lat' dir='ltr'>particulariter</span> <span class='ocrx_word' id='word_1_456' title='bbox 1331 5408 1361 5464; x_wconf 94' lang='lat' dir='ltr'>in</span> <span class='ocrx_word' id='word_1_457' title='bbox 1378 5408 1543 5465; x_wconf 86' lang='lat' dir='ltr'>seeundum</span> <span class='ocrx_word' id='word_1_458' title='bbox 1559 5404 1657 5480; x_wconf 84' lang='lat' dir='ltr'>qusrti</span> <span class='ocrx_word' id='word_1_459' title='bbox 1670 5407 1752 5463; x_wconf 90' lang='lat' dir='ltr'>modi</span> <span class='ocrx_word' id='word_1_460' title='bbox 1768 5423 1839 5465; x_wconf 87' lang='lat' dir='ltr'>eon-</span> 
     </span>
     <span class='ocr_line' id='line_1_57' title="bbox 124 5492 1838 5570; baseline 0.004 -22"><span class='ocrx_word' id='word_1_461' title='bbox 124 5493 241 5550; x_wconf 88' lang='lat' dir='ltr'>iuitium</span> <span class='ocrx_word' id='word_1_462' title='bbox 257 5498 391 5551; x_wconf 88' lang='lat' dir='ltr'>sumunt.</span> <span class='ocrx_word' id='word_1_463' title='bbox 405 5492 731 5551; x_wconf 69' lang='lat' dir='ltr'>Oetaeusrssolviturin</span> <span class='ocrx_word' id='word_1_464' title='bbox 743 5500 882 5567; x_wconf 73' lang='lat' dir='ltr'>quartum</span> <span class='ocrx_word' id='word_1_465' title='bbox 894 5494 949 5555; x_wconf 90' lang='lat' dir='ltr'>boe</span> <span class='ocrx_word' id='word_1_466' title='bbox 1003 5514 1099 5565; x_wconf 80' lang='lat' dir='ltr'>verse,</span> <span class='ocrx_word' id='word_1_467' title='bbox 1114 5497 1216 5554; x_wconf 84' lang='lat' dir='ltr'>eedem</span> <span class='ocrx_word' id='word_1_468' title='bbox 1232 5496 1383 5555; x_wconf 87' lang='lat' dir='ltr'>eouolusio</span> <span class='ocrx_word' id='word_1_469' title='bbox 1398 5495 1556 5568; x_wconf 77' lang='lat' dir='ltr'>eolligitur‚</span> <span class='ocrx_word' id='word_1_470' title='bbox 1586 5493 1616 5551; x_wconf 85' lang='lat' dir='ltr'>id</span> <span class='ocrx_word' id='word_1_471' title='bbox 1644 5497 1691 5552; x_wconf 88' lang='lat' dir='ltr'>est</span> <span class='ocrx_word' id='word_1_472' title='bbox 1719 5497 1838 5570; x_wconf 75' lang='lat' dir='ltr'>negetis</span> 
     </span>
     <span class='ocr_line' id='line_1_58' title="bbox 121 5582 1203 5661; baseline 0.005 -24"><span class='ocrx_word' id='word_1_473' title='bbox 121 5582 223 5639; x_wconf 88' lang='lat' dir='ltr'>modo:</span> <span class='ocrx_word' id='word_1_474' title='bbox 240 5583 336 5654; x_wconf 88' lang='lat' dir='ltr'>primu</span> <span class='ocrx_word' id='word_1_475' title='bbox 346 5583 424 5641; x_wconf 82' lang='lat' dir='ltr'>enlm</span> <span class='ocrx_word' id='word_1_476' title='bbox 440 5582 539 5656; x_wconf 72' lang='lat' dir='ltr'>quarti</span> <span class='ocrx_word' id='word_1_477' title='bbox 551 5583 583 5641; x_wconf 92' lang='lat' dir='ltr'>ln</span> <span class='ocrx_word' id='word_1_478' title='bbox 598 5584 763 5644; x_wconf 82' lang='lat' dir='ltr'>seeundum</span> <span class='ocrx_word' id='word_1_479' title='bbox 778 5586 870 5644; x_wconf 81' lang='lat' dir='ltr'>oetsvi</span> <span class='ocrx_word' id='word_1_480' title='bbox 884 5588 950 5645; x_wconf 91' lang='lat' dir='ltr'>nni·</span> <span class='ocrx_word' id='word_1_481' title='bbox 1006 5585 1203 5661; x_wconf 74' lang='lat' dir='ltr'>particularis.</span> 
     </span>
    </p>
   </div>
   <div class='ocr_carea' id='block_1_14' title="bbox 0 0 1962 6116">
    <p class='ocr_par' dir='ltr' id='par_1_26' title="bbox 0 0 1962 6116">
     <span class='ocr_line' id='line_1_59' title="bbox 0 0 1962 6116; baseline 0 0"><span class='ocrx_word' id='word_1_482' title='bbox 0 0 1962 6116; x_wconf 95' lang='lat' dir='ltr'> </span> 
     </span>
    </p>
   </div>
  </div>
 </body>
</html>
