3892 6126
647 345 697 399 ΒΕ
714 342 941 402 ΒΥῙιῙιΟῦῐΒΙΟ
957 342 1198 400 ΟΑΤΒΘΟΒΙΟΟ.

212 464 305 523 Omna
322 467 433 524 bonum
446 467 540 525 virtus
555 473 600 526 εει
726 474 826 526 ιεεεει
911 471 937 538 Α
1060 469 1152 525 Omns
1168 469 1276 526 bonum
1291 467 1385 526 virtus
1401 470 1455 524 est.

212 553 364 619 Quoddam
377 558 495 629 J’ustum
511 559 620 615 bonum
637 564 682 616 est
719 560 844 615 vertitur
1057 559 1211 622 Ouoddam
1229 559 1339 614 bonurn
1351 558 1467 628 justum
1483 560 1537 613 εει.

119 653 122 657 ’
213 646 365 712 Quoddam
378 650 495 718 justum
510 651 604 705 virtus
619 654 664 706 est
701 659 799 705 manat
1057 647 1208 710 Ouoddam
1220 648 1336 718 justum
1353 648 1444 701 virtus
1460 653 1514 700 εει.

64 731 896 811 Reliquussextussyttogismustertiafiguraadsprimas
948 732 1776 809 missorumpropositionibusatquesecundispartiouIari·

63 821 898 900 figuraquartomodoprocreatur3mansntibusenimpri·
951 825 1784 899 terimrnutatiaparticulisinutroquemanebitccnctuso.

211 930 333 988 Nullum
350 935 459 991 bonum
476 938 588 992 matum
609 940 654 992 est
778 935 880 991 eadem
951 934 1070 992 Nullum
1086 935 1196 990 bonum
1214 934 1324 990 malum
1339 938 1393 992 εει.

213 1020 490 1093 Quoddamjustum
507 1027 618 1081 bonum
635 1030 680 1081 εει
754 1029 869 1079 mutata
951 1025 1102 1091 Quoddam
1119 1024 1229 1080 bonum
1242 1023 1356 1095 justum
1373 1025 1427 1078 εει.

213 1111 365 1177 Quoddam
377 1114 493 1184 justum
511 1115 623 1171 matum
639 1130 696 1169 non
714 1119 758 1169 εει
773 1119 870 1168 ιεεεει
951 1115 1102 1182 Quoddam
1118 1114 1228 1169 bonum
1241 1113 1357 1184 justum
1371 1116 1427 1168 est.

63 1218 196 1285 Quintus
211 1223 308 1276 sutem
320 1222 369 1292 qui
381 1227 482 1293 restat,
494 1223 570 1279 sicut
580 1220 897 1296 anteperimpossibile
952 1223 1053 1296 flgurae
1068 1222 1174 1280 modus
1189 1221 1219 1277 in
1236 1221 1335 1294 primes
1347 1220 1446 1293 dgurs
1459 1218 1577 1276 modum
1589 1217 1709 1274 tertium
1721 1218 1775 1275 hoc

62 1306 456 1380 probetur,itaetiamnunc
467 1310 896 1384 perimpossibititatemresot-
952 1314 1062 1371 modo:
1079 1311 1103 1367 si
1119 1313 1187 1383 quis
1200 1311 1289 1383 igitur
1303 1312 1376 1366 duas
1392 1309 1595 1382 proportiones
1605 1308 1678 1363 sexti
1695 1307 1775 1364 modi

62 1392 157 1451 uitur.
172 1396 227 1451 Sed
256 1398 505 1468 quemadmodum
526 1417 603 1456 unus
625 1401 713 1457 tuerit
737 1399 896 1459 resolutus,
950 1404 1042 1461 tertias
1057 1403 1157 1473 fignrae
1173 1400 1360 1466 concesserit,
1381 1398 1520 1455 concedat
1542 1398 1631 1453 etium
1657 1412 1775 1454 nccesss

64 1483 171 1541 eodem
181 1485 396 1544 ordineomnes
408 1488 657 1545 resolvendisunt.
670 1489 896 1546 Resolviturnu-
950 1497 995 1551 est
1010 1493 1227 1550 conclusionem
1240 1507 1304 1562 quo
1315 1492 1369 1556 εει,
1381 1489 1527 1560 quoddam
1535 1488 1651 1559 justum
1662 1486 1775 1542 matum

63 1578 130 1629 tem
150 1580 250 1631 sextus
263 1576 355 1632 tertiae
371 1577 471 1650 figura
488 1579 593 1636 modus
615 1581 643 1636 in
659 1579 777 1636 tertium
794 1579 895 1652 primu
952 1601 1009 1640 nnn
1026 1587 1081 1640 est.
1097 1582 1170 1639 Nam
1185 1582 1208 1638 si
1225 1576 1775 1647 haeointsaest‚eritveracontrajacens
1884 1618 1920 1651 ο.

63 1664 171 1738 figures
187 1668 319 1726 modum.
349 1670 475 1736 Quintus
502 1671 819 1745 nutemtertiaefigurn
834 1689 892 1728 mo·
951 1675 976 1730 ei
993 1674 1094 1747 primas
1111 1673 1210 1744 figurs
1225 1669 1304 1726 tertii
1326 1668 1405 1724 modi
1422 1667 1517 1740 prima
1533 1664 1693 1738 propositio
1708 1681 1774 1737 quae

65 1754 127 1811 dus
151 1755 308 1814 resolvitur
330 1757 361 1814 in
386 1759 515 1832 primum
540 1762 640 1834 primas
664 1762 775 1833 figuras.
804 1764 896 1829 Quar-
950 1768 1005 1832 εει,
1022 1762 1237 1833 omnaJustnm
1252 1758 1364 1815 mnium
1381 1762 1434 1815 εει.
1450 1756 1504 1811 Sed
1527 1754 1615 1811 etiam
1631 1755 1776 1810 concessit

65 1848 120 1900 tus
149 1846 242 1903 tertiae
265 1847 364 1920 figuras
394 1852 500 1906 modus
524 1851 681 1907 resolvitur
703 1851 733 1908 in
759 1844 1774 1926 quartumBpropositionemsecundam‚quaeest,quoddambonum

69 1934 291 2008 primasflgurs
308 1938 439 1995 modum.
465 1940 581 1998 Tertius
605 1945 696 1998 tertia
719 1943 819 2014 tigurae
835 1959 898 1999 mo·
949 1943 1065 2014 justum
1094 1943 1205 1997 estttx
1228 1937 1273 1994 his
1303 1936 1391 2006 igitur
1416 1935 1557 1992 concedat
1583 1948 1703 1990 necessa
1719 1937 1775 2002 εει,

70 2023 130 2080 dns
159 2024 316 2083 resolvitur
343 2027 373 2084 in
396 2034 558 2087 secundum
583 2032 684 2104 prime
710 2033 809 2104 tigurae
839 2050 899 2089 mo·
954 2031 1101 2105 quoddam
1118 2031 1227 2086 bonum
1245 2024 1776 2096 matumest.qnianteconacsssrat

69 2111 156 2169 dum.
172 2117 325 2173 Secundus
348 2120 441 2174 tertiae
456 2120 557 2192 tigurae
579 2125 682 2177 modus
698 2120 853 2178 resolvitur
867 2121 898 2178 in
953 2121 1079 2194 primam
1088 2117 1315 2191 propositionem
1326 2113 1482 2171 sextimodi
1494 2110 1585 2168 tertio
1595 2109 1696 2184 figures
1710 2125 1775 2182 quea

66 2200 200 2274 primum
216 2205 316 2277 prims
329 2208 427 2280 figurae
440 2210 682 2267 modum.Primn
696 2211 787 2267 tertis
799 2211 898 2282 figuras
953 2215 1007 2277 εει,
1025 2209 1140 2266 nultum
1157 2209 1266 2265 bonurn
1284 2205 1395 2262 molum
1411 2207 1465 2260 est.
1479 2201 1540 2258 Uno
1554 2205 1686 2273 tempore
1701 2198 1780 2256 dnas'

67 2291 897 2372 mcdiresolvunturinsecundnsprimaedguraemodos.
953 2299 1009 2356 sibi
1024 2300 1257 2370 contrajacentes
1271 2293 1416 2364 concedit,
1432 2292 1511 2365 qnod
1527 2290 1590 2348 tisri
1615 2304 1673 2346 non
1688 2304 1775 2361 posse
1841 2358 1848 2377 .

64 2376 237 2438 Resolvitur
249 2388 348 2440 autem
358 2386 898 2459 perimpossibilitatemsextustartiae
953 2388 1109 2462 descriptio
1125 2387 1263 2444 declarat.

195 2487 314 2547 Nullum
331 2492 441 2548 bonum
458 2493 567 2550 malurn
584 2499 631 2551 εει
666 2499 784 2552 εοειεε·
1059 2495 1218 2564 contrajac.
1235 2491 1328 2549 Omne
1339 2492 1456 2563 justum
1472 2488 1583 2545 malurn
1598 2488 1654 2542 εει.

194 2576 347 2642 Qnoddam
358 2581 467 2637 bonum
476 2584 591 2653 justum
607 2587 653 2639 εει
690 2599 833 2641 εοεεεεεε
870 2587 898 2643 X
1059 2582 1211 2648 Quoddam
1227 2582 1338 2637 bonum
1349 2582 1466 2652 justum
1482 2585 1537 2638 cst.

196 2667 349 2734 anddam
364 2671 477 2740 justum
493 2670 606 2728 matum
621 2676 667 2728 εει
703 2678 832 2745 permut.
854 2725 857 2731 ,
1053 2673 1152 2743 jacen.
1168 2671 1320 2735 Ouoddam
1337 2671 1447 2726 bonum
1463 2667 1574 2725 malum
1589 2674 1643 2727 est.

61 2770 129 2828 Hoc
144 2773 232 2830 modo
248 2792 352 2833 omnes
368 2777 462 2834 ceteri
475 2778 552 2834 modi
569 2780 663 2835 tertie
674 2780 776 2853 figurae
786 2780 816 2836 in
833 2782 896 2854 pri·
951 2779 1171 2837 conversionem
1187 2776 1291 2834 resolvi
1303 2794 1361 2833 non
1373 2776 1478 2848 potuit,
1488 2793 1540 2849 per
1554 2775 1775 2849 impossibilita-

63 2875 134 2916 mos
147 2863 250 2920 modos
261 2865 362 2937 prime
373 2864 472 2936 flgurae
483 2867 661 2936 reseruntur,
673 2870 752 2940 quod
763 2870 896 2942 subjecta
949 2874 1009 2926 tem
1026 2869 1173 2926 resolutus
1184 2871 1239 2922 εει.

61 2951 227 3026 descriptio
243 2956 381 3026 declarat,
399 2959 427 3013 in
448 2960 517 3030 quia
533 2959 613 3031 prior
631 2959 764 3032 quintus,
781 2962 830 3033 qui
845 2978 896 3034 per
961 2960 964 2964 ’

175 3041 327 3106 Qunddam
349 3047 458 3103 bonurn
480 3046 589 3105 malum
607 3056 736 3120 nonest,
774 3055 894 3108 εοειεε-
1057 3047 1214 3115 contrajac.
1229 3049 1321 3102 Omne
1331 3045 1444 3114 justum
1461 3042 1571 3099 malum
1588 3046 1643 3099 εει.

175 3131 268 3189 Omne
281 3136 389 3191 bonum
401 3137 518 3208 justum
535 3143 579 3194 εει
595 3154 740 3194 concessas
870 3139 894 3197 Χ
1056 3138 1084 3195 ιε
1103 3138 1236 3208 utrisque
1251 3135 1344 3192 Omne
1360 3136 1469 3190 bonum
1483 3133 1599 3205 justum
1615 3135 1669 3188 εει.

176 3219 455 3294 Quoddamjustum
481 3224 591 3281 matum
609 3230 729 3282 nonest
765 3218 931 3299 permut.G
1051 3228 1251 3299 jacenomne
1268 3227 1376 3280 bonum
1394 3222 1505 3279 motum
1521 3227 1576 3277 εει.

175 3313 393 3368 omnebonum
410 3313 502 3370 virtus
517 3321 563 3371 εει
599 3323 715 3371 εοειεε-
1055 3316 1213 3387 contraius.
1230 3314 1352 3370 Nuttum
1364 3315 1480 3384 justum
1496 3312 1591 3366 virtus
1606 3313 1660 3366 εει.

173 3399 325 3466 Quoddam
343 3403 451 3458 bonum
464 3404 579 3474 justum
593 3409 638 3460 εει
675 3420 819 3460 concessas
870 3405 893 3462 X
1055 3406 1086 3461 in
1102 3404 1244 3476 utrisque.
1260 3402 1411 3468 Quoddam
1429 3402 1538 3456 bonum
1550 3399 1666 3468 iustum
1681 3400 1736 3455 εει.

175 3487 326 3553 Quoddam
338 3493 455 3563 justum
472 3493 620 3550 virtusest
657 3498 785 3565 permut.
1051 3496 1136 3566 jacen
1165 3492 1283 3549 Nuttnm
1302 3493 1411 3546 bonum
1427 3489 1520 3546 virtus
1534 3493 1590 3545 εει.

175 3579 324 3645 Qunddam
342 3581 451 3638 bonum
463 3583 580 3653 J'ustnm
597 3587 641 3641 εει
679 3588 798 3639 εοειεε·
1054 3583 1216 3655 contrajac.
1231 3581 1320 3638 Nutta
1334 3582 1429 3636 virtus
1437 3581 1519 3650 iusta
1532 3581 1588 3634 εει.

174 3664 266 3724 Omna
280 3670 389 3726 bonnm
406 3672 499 3728 virtus
514 3679 559 3728 εει
595 3688 740 3728 concesso
865 3673 893 3729 X
1056 3673 1086 3730 in
1103 3673 1248 3745 utrisque.
1265 3670 1358 3728 Omne
1373 3669 1484 3725 bonum
1500 3669 1593 3725 virtus
1609 3670 1664 3723 εει.

175 3757 312 3823 Quaedam
328 3759 424 3816 virtus
436 3763 509 3832 just.
526 3764 571 3816 εει
608 3767 734 3834 permut.
1052 3763 1150 3834 jacen.
1166 3760 1287 3817 Nuitum
1303 3759 1414 3815 bonnm
1425 3758 1543 3829 justum
1557 3760 1612 3813 εει.

60 3862 891 3942 Inresotutionemodisecunditartiaefiguroinprirnnm
946 3861 1775 3942 fierinequit.Numquamsnirnduascontrartaeunotem·

61 3952 188 4009 modurn
203 3955 304 4026 primas
321 3955 432 4029 ssgnrae,
450 3959 510 4014 heo
534 3957 760 4028 impossibilitas
784 3960 891 4029 evenit,
946 3975 1016 4033 pore
1031 3957 1120 4015 sinaut
1136 3973 1210 4014 vern
1226 3955 1428 4031 inueniuntur.

57 4041 141 4113 quod
160 4042 233 4097 duas
249 4046 410 4100 contrariae
435 4061 492 4102 uno
508 4051 639 4118 tempore
653 4047 797 4118 concedit,
812 4048 892 4120 quod

171 4130 289 4188 Nullum
307 4133 417 4189 bonum
434 4134 545 4191 molum
568 4139 613 4192 εει
649 4142 767 4193 εοειεε-
1052 4137 1213 4207 contrajac.
1225 4133 1319 4191 Omne
1334 4133 1444 4203 iustum
1463 4129 1574 4186 matum
1589 4132 1645 4185 εει.

170 4220 263 4277 Omns
278 4223 389 4279 bonum
402 4227 519 4294 justum
535 4229 580 4281 εει
617 4241 763 4282 concesse
1051 4227 1080 4282 in
1099 4228 1242 4296 utrisque.
1259 4223 1352 4279 Omne
1368 4222 1476 4276 bonum
1489 4221 1604 4291 justum
1620 4221 1675 4275 εει.

171 4310 325 4376 Quoddam
338 4316 454 4385 justum
476 4313 589 4369 matum
609 4319 727 4372 nonest
764 4319 891 4388 permut.
1053 4316 1112 4371 rias.
1129 4314 1249 4371 Nullum
1266 4313 1376 4368 honum
1389 4312 1505 4382 justum
1520 4312 1575 4365 εει.

55 4399 94 4456 ut
109 4399 140 4456 in
156 4402 292 4472 sequenti
307 4419 425 4476 quoque
450 4403 621 4476 syttogismo
642 4405 716 4461 duas
741 4406 888 4476 concedit,
903 4406 981 4479 quod
999 4403 1182 4477 impossibile
1197 4407 1252 4459 εει.

169 4487 262 4546 Omne
276 4491 387 4547 bonum
400 4495 515 4565 justum
531 4499 576 4549 εει
612 4498 727 4550 εοειεε-
902 4503 927 4567 0
1049 4494 1207 4566 contraJ‘ac.
1223 4491 1311 4548 Nulla
1325 4488 1419 4546 virtus
1430 4489 1532 4561 justus
1548 4490 1603 4544 est.

170 4579 263 4635 Omna
279 4580 388 4637 bonum
400 4582 494 4638 virtus
510 4587 554 4640 εει
590 4599 736 4640 concessas
861 4586 887 4638 x
1048 4582 1078 4640 io
1091 4582 1234 4656 utrisque.
1246 4584 1339 4637 Omns
1354 4578 1465 4636 bonum
1482 4577 1575 4633 virtus
1589 4578 1643 4632 εει.

168 4667 306 4733 Quasdam
320 4668 413 4726 virtus
427 4671 510 4742 justo
526 4676 571 4728 εει
608 4676 736 4744 permut.
1051 4671 1109 4730 rias.
1124 4670 1242 4728 Nullum
1257 4671 1368 4727 bonum
1380 4669 1498 4741 justum
1508 4673 1562 4723 εει.

55 4755 117 4815 Nec
129 4771 183 4812 nos
197 4754 269 4813 iilud
287 4759 396 4827 turbet,
412 4760 488 4831 quod
504 4760 533 4816 in
548 4761 726 4833 quibusdam
743 4760 888 4818 contraris
941 4762 1184 4832 contrajacentes.
1196 4758 1270 4816 Nam
1286 4775 1344 4832 qno
1361 4757 1448 4814 modo
1458 4755 1693 4826 contrajacentes
1709 4770 1768 4811 nno

55 4845 574 4920 propositioetcooctnsioinvenitur,
587 4852 617 4907 in
628 4852 807 4925 quibusdam
820 4868 886 4909 vero
942 4856 1072 4925 tempore
1086 4867 1162 4908 vers
1176 4865 1312 4908 essenon
1325 4848 1450 4921 possunt
1465 4860 1611 4917 unquam,
1621 4842 1665 4899 sic
1679 4844 1768 4901 etism

55 4937 275 5007 contrajacens.
294 4936 427 5010 Namque
442 4938 594 5012 aqualiter
615 4940 744 5013 peccavit
760 4946 819 4997 tam
835 4940 885 5013 qui
940 4941 1104 4998 contrarie.

56 5031 202 5098 utrasque
212 5025 373 5082 contrarias
386 5029 573 5098 concesserit,
590 5046 679 5102 quarn
703 5029 727 5086 si
745 5035 887 5104 utrasque

167 5114 260 5171 Omns
276 5116 386 5172 bonurn
405 5116 498 5173 virtus
514 5124 558 5174 est
595 5125 711 5176 contra·
1045 5120 1204 5192 contrajac.
1220 5114 1340 5174 Notium
1351 5115 1468 5186 justum
1484 5113 1577 5169 virtus
1593 5114 1648 5169 est.

166 5204 385 5261 omnebonum
400 5206 516 5278 justum
531 5212 576 5265 εει
613 5225 758 5266 concesse
1046 5209 1077 5265 in
1094 5209 1238 5281 utrisque.
1255 5206 1349 5263 Omne
1363 5206 1474 5262 bonum
1485 5204 1602 5276 justum
1618 5203 1674 5258 εει.

165 5294 317 5360 Quoddam
328 5295 443 5367 justum
456 5295 549 5353 virtus
566 5301 612 5354 est
649 5302 776 5371 permut.
1046 5297 1104 5356 rin.
1121 5296 1241 5353 Nullum
1258 5298 1367 5352 bonnm
1384 5296 1476 5349 virtus
1491 5301 1544 5350 εει.

52 5380 884 5459 tirsodeCategoricornmdytlngismorunintroductione,
940 5379 1763 5461 inAnalytioisnostriscatcatiosexprimemusNunovs·

52 5471 242 5528 Aristotelem
256 5471 416 5547 plurimum
428 5491 566 5547 sequens,
582 5482 610 5533 ει
621 5477 720 5550 aliqua
730 5479 766 5534 de
785 5476 883 5535 Theo·
939 5494 970 5534 ro
981 5487 1124 5550 quantum
1136 5477 1170 5532 ad
1180 5469 1762 5546 solamcategoricorumsyttogismcrum

53 5561 221 5636 phrastost
236 5561 394 5636 Porphyris
410 5568 572 5624 mutuatus.
590 5572 734 5639 quantum
756 5568 883 5641 percitos
937 5567 1062 5625 sormam
1079 5565 1243 5640 spectabat,
1262 5563 1423 5635 perfectum
1449 5560 1497 5615 hic
1512 5558 1597 5614 nobis
1612 5563 1665 5622 εει,
1681 5560 1709 5611 ει
1725 5557 1761 5612 ad

52 5648 265 5708 introducendi
278 5648 425 5724 permisit,
441 5655 582 5729 expressi.
598 5655 772 5728 Siquavero
787 5656 883 5716 desint
937 5645 1764 5717 cumulumintroductioniselaboraturaNaohoonosper·
