3892 6126
574 220 621 274 ΟΕ
641 217 846 276 utacteatna
863 221 1106 280 senosanam.
1622 227 1692 284 1226

82 338 281 421 tasturalium
289 342 471 424 praecesset
482 341 809 425 perspieoaintslligen·
825 352 849 419 g
866 345 995 429 perdidit
1006 347 1148 420 temporis
1163 351 1192 404 st
1202 362 1345 419 expensas.
1358 347 1620 420 Complatoaatem
1633 367 1692 408 non

83 413 809 490 aprehensronenovimusstahrlrrrlmprimisergc
865 419 997 475 indebite
1012 419 1185 489 hujusmodi
1196 419 1343 492 gymnasii
1358 422 1536 492 rudimento,
1550 425 1584 478 ad
1602 427 1693 494 majo·

96 486 211 541 scilicet
227 501 381 566 puerorum
394 484 607 541 oblectamenta
623 493 694 542 sunt
714 491 810 560 preu-
866 490 906 544 ris
922 491 1127 573 inquisitionis
1140 492 1269 547 scientia
1287 492 1392 547 limina
1408 495 1624 564 procedendum
1636 501 1691 552 est.

85 597 92 614 .
108 557 243 612 Secundo
257 557 711 636 videlteatqualiteradulterum
722 560 810 616 elatio
864 561 1256 634 Scient1oe‚iriquam,quanr
1272 564 1331 618 veri
1349 565 1474 636 l'alsiqus
1491 568 1626 622 novimus
1641 567 1693 623 in-

83 629 173 685 tratui
185 628 811 700 subjiciendasu,etdisciplinaeconnecten·
865 634 1056 703 dagatrieem,
1066 640 1219 702 solamque
1234 635 1388 690 scientiam
1405 637 1594 692 scientiarum
1608 639 1694 695 titulo

84 700 294 782 rtiodeeorum
311 698 436 781 elatione
447 701 644 771 reprimenda,
661 704 809 775 exemplo·
865 704 1039 760 subtilitatis
1049 707 1250 778 obstipantem
1262 708 1405 776 subjecta.
1420 707 1483 762 liae
1493 715 1548 772 cst,
1561 709 1694 781 inquam,

83 772 644 842 immendatronedtstrneteexponendo.
655 774 763 838 Quarto
775 775 810 831 de
866 776 1009 832 scholaris
1024 778 1156 842 domina,
1172 794 1235 848 qum
1260 779 1425 848 penetranti
1441 779 1565 834 vestium
1587 787 1694 838 natura

83 843 809 917 triumscgaoiprovisionccorumqnegradualista·
865 848 901 900 ad
918 849 1108 903 scientiarum
1126 850 1325 920 quarumlibet
1338 849 1455 920 lastigie
1471 854 1577 922 praebet
1599 853 1693 908 incre-

83 913 809 985 Ouintoqualiterscbolariumvenerabilisacsin·
865 925 964 973 menta
985 923 1139 975 virtutum.
1157 920 1230 986 Ouid
1250 928 1347 975 autam
1373 921 1501 976 lucidius
1526 923 1692 993 cognitione

83 987 184 1043 levotio
199 987 235 1040 sd
250 986 454 1057 magisterium
472 988 645 1058 proterenda
660 990 708 1044 sit.
724 995 809 1046 Sexto
865 990 994 1060 quinque
1008 992 1230 1060 universalium,
1244 1008 1304 1060 qum
1316 997 1360 1046 cst
1375 993 1535 1047 trivialium
1556 996 1694 1050 scientia·

83 1060 368 1131 gistratuumnormn
379 1059 810 1132 trinaquedivisioncstatuqne
865 1078 929 1116 runt
947 1063 1098 1135 magistra,
1113 1064 1403 1134 quadrivialiumque
1417 1066 1556 1133 potentia,
1573 1067 1691 1121 collate·

83 1131 208 1186 vubditos
233 1128 378 1200 modoque
393 1131 516 1185 docendi
534 1132 722 1202 praecognito.
746 1136 809 1189 liaeo
864 1132 971 1188 ralium
987 1134 1174 1190 scientiarum
1189 1134 1407 1206 plenitulolad
1422 1137 1618 1205 hujusautem
1636 1138 1691 1193 im·

91 1203 127 1258 ad
138 1199 540 1272 intelligentiaacognitionem
553 1204 737 1274 suscepimus
747 1221 809 1276 per·
863 1204 983 1275 perialis
997 1205 1121 1261 domino
1132 1207 1243 1277 apicem
1254 1206 1506 1262 scandendumest
1516 1206 1688 1265 hocordine.

83 1273 807 1345 s,pristinummodumtractandilereomittentes,
864 1277 1013 1347 imprimis
1029 1277 1118 1349 igitur
1138 1278 1329 1333 terminorum
1356 1278 1517 1333 intrinseco
1545 1280 1687 1361 cognitio,

83 1362 138 1401 tarn
155 1343 256 1400 leviori
273 1344 348 1413 stylo
360 1345 469 1416 perusi,
486 1347 625 1417 quoniam
648 1347 678 1402 in
704 1347 808 1419 majori
863 1363 1024 1419 eorumque
1036 1352 1066 1403 ia
1079 1349 1275 1420 propositione
1286 1365 1344 1404 non
1355 1347 1690 1423 latenscepulatropro-

83 1432 133 1488 pro
148 1416 271 1471 rudibus
284 1416 478 1471 informandis
490 1422 535 1471 ost
547 1418 807 1486 exsecutiosatan-
863 1419 1103 1492 positionumque
1119 1437 1176 1475 non
1192 1420 1314 1492 indigna
1337 1420 1478 1476 connexio
1504 1425 1574 1476 sunt
1596 1439 1688 1494 appo·

87 1504 120 1545 or
134 1486 315 1544 dilucidandi
332 1488 418 1542 debet
432 1503 496 1543 esse
511 1488 673 1546 translatio.
864 1491 970 1546 nenda.
988 1492 1194 1547 Terminarum
1212 1498 1310 1546 autem
1336 1492 1597 1549 determinationes
1613 1510 1690 1565 quas

251 1557 367 1614 CAPUT
387 1558 540 1615 PRIMUM.
863 1567 1135 1635 syncategoremata
1148 1562 1342 1634 appellamus,
1364 1563 1577 1619 memorialiter
1595 1567 1689 1621 menti

83 1629 806 1702 tantemindiscreteimpotcusseptennisinlantia
863 1641 934 1688 sunt
949 1634 1165 1706 imprimenda,
1182 1641 1214 1689 ut
1229 1640 1367 1705 potaque
1378 1634 1545 1705 sophistica
1561 1651 1617 1690 non
1638 1653 1689 1709 pa·

83 1720 104 1758 rr
118 1703 154 1759 ad
172 1701 376 1769 imbuendum,
393 1704 554 1758 cavendnm
564 1709 652 1759 astae
663 1705 808 1760 membro·
823 1716 847 1781 Β
862 1721 927 1760 rum
943 1706 1113 1762 deserviunt
1128 1705 1300 1776 phantasia.
1314 1707 1421 1760 llorum
1434 1710 1532 1760 autem
1554 1707 1687 1764 notitiam

83 1774 206 1830 ndccens
217 1774 256 1855 sit
270 1773 434 1845 dispositio,
452 1781 483 1830 ut
500 1782 564 1858 poto
575 1775 809 1902 integraliumat
862 1777 1030 1832 Trebatium
1042 1778 1136 1832 virum
1148 1777 1337 1832 meminimus
1347 1778 1624 1848 prudentissimum,
1636 1779 1687 1835 sed

83 1851 272 1916 ubemperres,
285 1850 318 1900 ut
329 1850 395 1917 pate
403 1847 632 1916 constringentis
659 1847 746 1902 lentis
756 1849 807 1904 ob·
863 1849 893 1903 in
910 1848 965 1904 boo
976 1849 1158 1918 imperitum,
1171 1849 1414 1920 quasiindignam
1428 1848 1582 1904 scientiam
1594 1849 1686 1907 relatu

83 1935 101 1986 r,
117 1923 146 1974 et
155 1918 356 1973 comburentis
367 1918 476 1973 aestatis
488 1919 674 1989 prolanditas
685 1919 808 1991 periculi
864 1920 919 1975 sub
935 1919 1053 1975 silentio
1069 1921 1253 1992 praeteriisse.
1270 1920 1322 1974 llis
1334 1925 1433 1974 autem
1459 1920 1614 1976 conflictus
1635 1922 1686 1977 ad·

83 1990 334 2045 ttinerementum.
346 1989 705 2060 LegitureaimTimotbei
715 1990 807 2046 illium
863 1994 1008 2061 veniente,
1018 1991 1155 2047 eumdem
1168 1992 1332 2047 miserrima
1343 1991 1379 2046 ab
1393 1991 1441 2045 his
1452 1992 1615 2062 sophistica
1624 1993 1686 2048 vin·

83 2060 277 2127 incumbente,
294 2067 465 2130 castratum,
480 2062 651 2132 loripedem,
662 2063 750 2132 gibbo
761 2068 808 2116 tn·
863 2067 946 2118 cente
964 2064 1115 2119 detentum
1131 2063 1268 2125 vidimus.
1295 2067 1325 2118 et
1349 2063 1516 2117 indecenter
1531 2080 1548 2118 a
1563 2079 1685 2121 snorum

83 2149 128 2199 m,
144 2133 281 2188 doctrina
311 2133 522 2205 iaianeipatum,
548 2134 692 2204 plebeiam
717 2133 806 2189 exsti·
862 2134 984 2205 collsgio
1000 2141 1232 2206 sequestratum.
1249 2133 1303 2200 Oui
1319 2132 1465 2189 ulterius?
1479 2137 1617 2205 angustia
1632 2152 1686 2207 pu·

83 2204 263 2273 ‚bisetiunem
280 2221 461 2275 aurarumque
485 2205 630 2260 sociorum
649 2205 806 2261 detractio·
862 2205 941 2261 doris
953 2207 1106 2268 confusus,
1123 2208 1199 2277 quod
1218 2206 1299 2276 prius
1308 2205 1447 2261 censebat
1459 2205 1613 2278 indignum
1625 2207 1687 2263 elo·

83 2275 704 2346 dicolosam.Similiterpraetorissubnrbani
713 2277 806 2332 lilium
861 2278 942 2348 quio,
953 2283 1053 2346 postea
1061 2277 1194 2334 sociatim
1208 2277 1402 2332 mendicabat.
1415 2276 1509 2347 llujus
1518 2284 1616 2334 autem
1628 2279 1688 2334 im·

83 2347 118 2403 ila
131 2347 291 2417 instigante
305 2346 412 2402 littaris
438 2347 566 2403 vidimus
594 2349 805 2420 mancipatum,
861 2350 980 2420 perlatis
994 2348 1255 2404 dominelimbriis
1271 2349 1372 2403 dotata
1386 2363 1435 2403 ars
1451 2348 1623 2419 sophistica,
1639 2366 1688 2423 pe·

86 2426 164 2475 utem
182 2420 268 2474 solita
286 2419 494 2488 congauderet
510 2419 667 2485 umbrella,
687 2419 807 2491 propria
861 2418 1690 2491 talentianimocont'usa,nugatoriaqueloquacitatiseu-

83 2509 87 2545 i
101 2489 273 2553 destitutus.
286 2491 421 2545 ictericiae
431 2507 513 2562 poena
526 2490 719 2561 permollitus,
732 2493 805 2546 vita·
860 2490 937 2563 logio
954 2508 1071 2564 perusa,
1088 2492 1222 2546 mulieris
1235 2492 1300 2546 laon
1311 2491 1393 2546 vultu
1406 2494 1534 2562 perlusa,
1544 2492 1686 2550 barbaras

91 2562 210 2618 tandem
240 2562 394 2633 spiritibus
424 2568 603 2632 attenuatus,
628 2560 805 2634 lymphatico
860 2565 995 2619 nationes
1010 2563 1127 2634 obliquo
1144 2564 1240 2618 sidere
1255 2561 1442 2632 respiciebat,
1458 2579 1547 2634 quam
1562 2566 1591 2620 in
1604 2582 1687 2620 eom·

83 2656 86 2683 ι
101 2633 248 2690 occubuit.
266 2633 337 2689 ldcce
352 2639 497 2704 quantum
509 2633 694 2690 difficultatis
709 2649 801 2689 mem·
860 2635 1012 2689 mentariis
1023 2634 1179 2690 Alexandri
1193 2639 1222 2688 et
1234 2634 1342 2689 nostris
1357 2634 1492 2689 novimus
1504 2638 1685 2702 decoratam,

83 2722 103 2760 n
118 2706 257 2761 indecens
272 2704 349 2760 indis
372 2703 469 2773 esitio,
484 2712 514 2761 ot
525 2707 601 2761 aeris
614 2705 804 2778 intemperies
859 2706 1095 2769 etptranstationa
1111 2706 1269 2777 perlectam
1286 2720 1472 2774 summopere
1494 2723 1559 2761 asse
1579 2724 1685 2762 curan·

83 2778 131 2833 loti
143 2777 247 2848 puerili
264 2722 463 2832 contuierunt.
858 2776 937 2832 dam.
946 2777 988 2832 Ad
997 2777 1121 2832 istorum
1132 2783 1160 2831 et
1169 2782 1338 2831 ceterorum
1350 2777 1557 2846 perlectionem
1575 2777 1686 2849 triplici

83 2848 199 2904 nicrum
216 2853 312 2904 autern
327 2848 483 2903 mediocris
498 2847 538 2903 sit
552 2845 693 2914 facultas3
858 2849 988 2904 solemus
1004 2848 1046 2903 uti
1063 2848 1274 2910 recordatione,
1290 2863 1416 2919 quarum
1434 2850 1529 2917 prima
1543 2855 1588 2905 ast
1598 2865 1683 2905 voca·

82 2937 106 2976 rs
121 2926 218 2975 autem
235 2922 273 2975 sit
287 2921 385 2975 tenuis
401 2921 594 2990 ejusdemque
611 2918 738 2988 parcitas
752 2935 759 2986 ;
858 2919 905 2987 lis,
918 2919 1047 2975 secunda
1063 2919 1213 2983 mentalis,
1225 2918 1386 2974 tertiavero
1397 2920 1576 2975 communis.
1587 2919 1682 2976 Voca-

83 2992 149 3047 .ium
165 2996 263 3046 autem
279 2991 416 3048 similitor
432 2991 509 3046 absit
525 2990 658 3062 penuria.
856 2989 893 3047 lis
904 2991 1096 3061 sophisticum
1110 2991 1188 3056 facit,
1199 2991 1336 3045 mentalis
1344 2989 1502 3059 judicium,
1512 2992 1679 3048 communis

83 3063 131 3119 nia
146 3065 237 3134 igitur
252 3063 412 3133 ligurarum
429 3062 571 3118 elementa
587 3064 801 3131 repraesentan-
817 3081 839 3148 C
858 3064 882 3117 si
895 3067 1065 3118 continuata
1077 3062 1164 3117 inerit
1175 3062 1244 3116 lacit
1256 3062 1426 3132 perlectum.
1440 3060 1554 3117 Vocalis
1564 3064 1679 3118 caecita-

83 3135 802 3206 mprimendacstdilectio,conjungendarumque
860 3132 1686 3201 tem,mentalisscientiam,eommunisusum.Ususaa·

83 3223 144 3262 ram
161 3222 217 3262 non
244 3222 347 3278 parum
376 3206 537 3261 artitieiosa
553 3203 731 3274 conjunctio.
745 3203 803 3259 Neo
859 3210 917 3261 tem
934 3206 969 3260 ad
989 3205 1190 3275 magisterium
1204 3219 1360 3276 properare
1376 3204 1506 3262 festinat.
1517 3205 1685 3261 sicutenim

83 3278 339 3334 vcrlosocertamini
349 3278 475 3333 multum
484 3283 529 3332 est
538 3277 805 3341 insistendum,neo
859 3276 1016 3346 prudentia
1027 3276 1217 3346 siaejustitia
1227 3291 1330 3346 parum
1342 3274 1387 3329 vel
1400 3273 1472 3330 nibil
1485 3278 1686 3348 prudentius·

85 3356 96 3404 t
108 3351 206 3405 Servio
222 3350 326 3420 placet.
343 3350 524 3416 abeundum,
539 3348 676 3420 quoniam
690 3346 713 3402 si
723 3349 804 3402 visus
861 3348 923 3403 titia
934 3353 1032 3403 autem
1042 3345 1407 3418 siueprudentiamultum
1418 3363 1425 3400 :
1438 3348 1481 3402 sio
1492 3349 1687 3404 scicntiasins

88 3421 190 3476 multis
207 3421 378 3493 promptior,
394 3421 423 3475 in
440 3420 504 3475 aliis
534 3421 678 3492 reperitur
692 3422 762 3474 tuno
776 3422 805 3473 et
861 3436 917 3475 usu
930 3421 1048 3491 prodest
1063 3433 1178 3491 porum,
1195 3435 1267 3474 usus
1283 3423 1382 3473 autem
1399 3417 1463 3473 siue
1478 3421 1602 3475 seientia
1618 3435 1686 3492 pro·

83 3508 121 3549 tr.
138 3493 306 3548 Secundum
323 3492 461 3547 laboriosi
477 3491 647 3546 certaminis
662 3495 721 3547 stat
734 3489 804 3544 adi·
861 3493 926 3546 dest
942 3489 1080 3546 multum.
1097 3490 1127 3546 Si
1140 3506 1205 3546 vero
1223 3491 1303 3545 banaa
1318 3488 1427 3544 indolis
1443 3490 1571 3545 scientia
1586 3493 1681 3547 tirun-

86 3606 94 3635 ,
112 3565 141 3620 in
157 3564 241 3619 Probi
261 3563 430 3635 Didimique
454 3562 676 3628 traditionibus,
691 3577 804 3617 necnon
859 3562 944 3617 culus
960 3567 1050 3618 totam
1063 3567 1188 3632 nequeat
1202 3561 1332 3616 seriatim
1348 3561 1596 3632 comprehendere
1615 3580 1682 3619 ora·

83 3652 105 3690 m
122 3635 365 3708 pbilosophorum
381 3652 455 3706 quos
470 3634 643 3690 venerabilis
654 3649 804 3688 commen·
860 3633 1087 3701 tionem,saltem
1100 3634 1223 3704 primam
1234 3633 1330 3702 capiat
1341 3633 1681 3702 pronuntiationem,do·

83 3709 226 3764 uctoritas.
256 3707 554 3762 Animadvertendum
581 3710 737 3761 astantem
761 3704 805 3758 in·
861 3703 1685 3778 nacgradatimprocedendocontinuumproducercpossit

83 3778 156 3834 nodi
173 3785 204 3833 ut
219 3779 296 3833 fideli
313 3777 483 3833 resolutioni
501 3779 651 3845 subjaceat
670 3777 730 3832 lata
745 3779 804 3830 tra·
861 3776 1207 3833 effectamvisisautcm
1227 3774 1378 3831 levitatum
1405 3776 1546 3843 scientiis,
1564 3779 1599 3832 de
1614 3792 1684 3848 spa-

87 3855 115 3905 et
130 3868 146 3905 a
161 3851 342 3906 discentibus
357 3849 467 3905 idioma
479 3850 567 3904 verbo
581 3854 666 3903 tenus
682 3846 806 3918 explica·
861 3846 1636 3920 culationePorphyrianaquinquenniversaliumqum
1648 3848 1684 3905 ab

83 3921 111 3989 lt,
129 3922 311 3977 fundamenti
333 3922 410 3975 enim
423 3921 608 3976 tenacitatem
624 3922 651 3974 in
664 3920 806 3987 hisopor·
861 3922 1018 3976 Aristotele
1033 3926 1164 3975 monstra
1183 3922 1324 3973 vocantur
1347 3920 1557 3976 attendendum
1573 3925 1628 3988 cst,
1646 3921 1681 3976 ad

82 3994 269 4050 rsistcrs.Nec
282 3999 465 4048 menstruoso
477 3991 552 4047 saltu
565 3990 805 4047 l’boebesabaun·
862 3993 955 4064 ipsius
971 3993 1132 4062 categorias
1149 3990 1324 4051 necessaria,
1342 4006 1405 4060 quie
1420 3991 1484 4046 luce
1492 3992 1683 4063 expositionis

83 4069 128 4132 ist,
146 4082 198 4121 nec
213 4065 300 4120 solari
317 4081 404 4119 cursu
421 4069 536 4119 tantum
557 4063 806 4132 confirmandum,
863 4065 890 4119 in
903 4062 1123 4120 commentariis
1137 4063 1247 4117 nostris
1269 4061 1316 4115 bis
1336 4061 1537 4131 patefacimus.
1551 4069 1573 4118 υ
1586 4080 1683 4134 quan·

83 4136 166 4205 :pleto
184 4136 316 4192 llercurii
332 4136 494 4202 intervallo,
511 4137 670 4205 eodemque
685 4134 742 4190 iero
753 4134 806 4188 du·
861 4141 925 4190 tum
942 4135 1078 4190 utilitatis
1093 4134 1217 4187 babetur
1234 4133 1263 4186 in
1279 4131 1325 4185 bis
1340 4131 1364 4185 si
1394 4134 1553 4188 intrinseco
1575 4135 1683 4188 babea-

83 4225 93 4263 s
109 4208 265 4279 diligenter
280 4210 508 4262 immorandum.
526 4205 711 4273 Diligentiam
728 4205 806 4260 enim
863 4206 1049 4278 turcognitin
1063 4201 1492 4273 lNonnelitcralisSophronici
1504 4204 1627 4259 facultas
1639 4208 1685 4260 ast

86 4281 144 4335 ibet
155 4282 252 4351 operis
263 4280 406 4335 obtusitas
419 4277 610 4347 permollitur.
621 4278 736 4334 Seneca
749 4285 807 4332 tra·
862 4277 1077 4333 vitionotanda.
1087 4276 1219 4346 inquam.
1228 4274 1684 4400 Nostraquoque-voluminastgli

85 4351 241 4422 inexpletio
257 4350 377 4417 Lucani,
395 4350 505 4422 Virgilii
522 4349 685 4421 prolixitas,
702 4353 731 4402 et
744 4352 806 4402 Sta·
863 4350 1012 4405 schemate
1026 4350 1161 4402 decorata
1173 4361 1229 4399 non
1247 4345 1503 4402 suutomittcnda.
1518 4346 1686 4402 Aristotele

83 4424 197 4487 sanitas,
214 4425 288 4477 dura
313 4423 406 4477 Flacci
425 4421 589 4481 translatio.
605 4420 705 4475 durior
718 4419 808 4475 Persii
863 4435 981 4493 qnoque
995 4423 1058 4474 tota
1072 4417 1221 4474 succincta
1237 4418 1372 4483 brevitas,
1389 4416 1456 4472 licet
1471 4433 1539 4473 voce
1553 4419 1684 4487 tediosa,

83 4537 86 4559 ,
101 4494 236 4549 llartiani
255 4511 312 4549 non
328 4493 450 4565 indigna
463 4493 552 4559 laesio,
564 4491 808 4547 Nasonisdisore·
824 4466 848 4530 D
864 4497 1027 4548 nontamen
1038 4490 1220 4545 infructuosa
1234 4506 1240 4542 :
1252 4485 1428 4543 maluienim
1443 4490 1537 4559 potius
1548 4489 1626 4545 lldsli
1638 4490 1687 4546 de·

88 4571 119 4620 nt
129 4567 295 4638 indaganda
305 4565 466 4621 memoriali
492 4582 527 4620 ue
537 4564 649 4620 cellulae
660 4578 807 4618 commen·
862 4565 973 4621 servire
983 4560 1167 4618 translationi
1176 4576 1263 4631 quam
1272 4560 1445 4630 arrogantia
1457 4560 1631 4633 reprebendi
1642 4567 1686 4617 te·

88 4642 334 4708 .Caeterorumque
344 4583 583 4708 philosopiaorum
592 4637 690 4707 (prout
700 4632 808 4701 ingenii
864 4637 1009 4691 maritate.
1021 4634 1095 4697 Ouid
1108 4633 1187 4687 onim
1201 4631 1363 4687 Aristotelis
1372 4631 1469 4687 lucida
1480 4633 1601 4689 veritate
1612 4648 1689 4689 sere·

85 4709 282 4782 titcapacitas)
295 4726 352 4764 non
364 4709 417 4763 sub
428 4707 544 4763 silentio
553 4715 597 4762 est
608 4706 810 4776 pretereunda
864 4708 932 4763 nius
942 4706 956 4762 ‘l
968 4709 1025 4762 lieo
1036 4707 1106 4760 dum
1117 4705 1339 4784 denegarentur,
1350 4703 1686 4772 grammaticasfructno·

86 4781 152 4845 itas,
169 4790 200 4836 ut
215 4782 258 4836 sic
274 4783 455 4836 sententiosa
470 4779 636 4834 dictaminis
653 4779 749 4847 vigeat
763 4793 809 4833 se·
865 4779 936 4834 sitas
949 4776 1118 4832 nullatenus
1135 4779 1179 4830 est
1194 4775 1463 4844 oblinquenda,per
1477 4791 1540 4832 eam
1552 4777 1689 4832 enimcu-

83 4869 112 4919 s,
128 4857 156 4908 ct
172 4858 330 4908 metrorum
353 4852 456 4907 lloreat
480 4850 665 4921 jucunditas.
681 4849 704 4906 0
719 4863 810 4920 quam
862 4849 985 4921 juslibet
998 4846 1325 4904 artiscommendabilis
1336 4847 1468 4902 redditur
1484 4848 1630 4974 possessio
1640 4849 1689 4917 ju·

94 4925 270 4980 venerabilis
287 4924 424 4979 lacundia
449 4923 575 4978 summis
591 4921 745 4977 desideriis
768 4923 813 4976 est
866 4921 972 4976 cunda.
990 4919 1210 4989 Rhetoricaque
1226 4918 1318 4988 lepos,
1332 4920 1482 4988 quadrivia
1496 4920 1557 4975 ium
1573 4934 1692 4992 quoqne

84 4997 170 5051 auda.
187 4996 352 5051 Cavendum
367 5000 462 5050 autcm
473 4995 501 5049 in
513 4993 682 5064 hujusmodi
695 5009 730 5048 ne
742 5008 812 5048 con·
867 4994 960 5048 bonor
972 4991 1058 5048 studii
1073 4990 1289 5061 comparatione
1303 4990 1457 5060 acquisita,
1474 5008 1525 5062 pro
1535 5008 1621 5063 possa
1633 5006 1691 5047 uon

83 5072 128 5121 tut
138 5068 249 5122 lotario
263 5069 456 5138 contingebat,
469 5065 531 5137 ipse
542 5066 620 5121 enim
634 5064 754 5135 triginta
764 5080 814 5119 aa·
869 5065 977 5119 debent
992 5063 1098 5119 omitti.
1117 5063 1145 5117 ln
1163 5061 1208 5116 bis
1223 5065 1322 5116 autem
1337 5063 1428 5116 studii
1447 5064 1622 5135 protervitas
1639 5062 1690 5118 dn·

83 5136 813 5210 noraatiamsuampredictorumpbilosophorum
870 5152 929 5193 rem
946 5140 1076 5218 generat,
1092 5134 1278 5200 tractumque
1303 5134 1432 5216 parturit
1461 5135 1485 5191 si
1514 5131 1694 5192 dubitationi

83 5211 195 5266 nnasiis
206 5211 327 5265 tradidit
338 5210 618 5266 imbuendamcum
630 5224 697 5263 vero
706 5208 769 5263 dies
782 5209 816 5262 at
870 5211 1013 5281 permixta
1032 5205 1121 5261 luerit
1133 5210 1161 5261 et
1176 5208 1358 5271 tempestiva.

86 5286 130 5338 set
147 5283 344 5337 mediocribus
367 5281 542 5344 advenisset,
557 5282 642 5348 cujus
654 5295 726 5335 uxor
738 5282 817 5335 esset
1198 5273 1314 5331 CAPUT
1331 5276 1364 5331 ll.

84 5353 261 5408 adubitasse
272 5370 302 5408 se
317 5353 417 5408 diulus
432 5353 593 5418 asserebat,
610 5368 697 5421 quem
715 5350 743 5406 in
761 5350 816 5405 be·
906 5348 1089 5405 Visiaautem
1100 5345 1278 5403 scholarium
1288 5344 1697 5403 rudimentisetvirtntumio·

83 5425 210 5480 chiorum
223 5424 336 5496 Virgilii
350 5421 818 5494 serenitateinvenissetliequisi·
872 5421 1040 5486 crementis,
1056 5436 1135 5475 nunc
1151 5419 1187 5473 ds
1202 5434 1302 5474 corum
1317 5420 1500 5487 subjectione
1515 5434 1585 5483 erga
1602 5416 1697 5485 magl-

87 5498 259 5564 eaquodam
270 5513 392 5551 errorum
404 5495 615 5567 discipulorum
627 5493 818 5566 qualiterpri·
873 5499 949 5550 stros
965 5493 1091 5547 brevitor
1106 5494 1150 5546 cst
1164 5490 1351 5553 ordiendum,
1367 5490 1505 5572 quoniam
1522 5490 1572 5571 qui
1587 5505 1619 5543 aa
1638 5502 1697 5543 noo

83 5568 462 5641 bujusdiotionissyllabam
472 5567 817 5633 n.agisterverterovcrsu
874 5565 956 5622 novit
966 5563 1150 5633 subjiciam
1163 5573 1264 5617 noscat
1276 5562 1491 5644 semaaistrarr.
1502 5561 1642 5642 Miserum
1653 5562 1701 5615 est

85 5644 106 5707 t,
114 5640 266 5709 respondit
277 5640 438 5696 absurdum
452 5654 516 5696 esse
529 5639 604 5693 tanti
620 5636 819 5708 nominiapri·
874 5635 1335 5702 enimcumioremagistrumuur
1348 5648 1539 5703 nunqnamso
1551 5636 1701 5687 pavitasse

87 5710 231 5784 syllabam
243 5711 417 5780 abbreviari,
430 5712 479 5768 ssd
492 5711 590 5784 potius
600 5715 686 5766 acuto
697 5712 820 5766 accentu
875 5708 949 5766 disci
975 5702 1711 5785 ulambebetautsmdiscipulisubiretiointribas

82 5782 274 5841 antistitem
288 5792 431 5857 quantam
446 5784 527 5840 durs
542 5780 821 5840 cerviolsobtusitss
878 5784 1050 5851 consistere,
1059 5770 1731 5843 scilicetinattentione,baneaotentxaexas

139 5898 278 5964 ranei.
300 5899 403 5964 nstv.
1569 5881 1619 5939 il
