3892 6126
148 256 201 309 727
781 246 838 297 su.
858 240 969 294 usuc.
990 238 1071 292 suv.
1091 238 1210 298 eourrr
1735 214 1740 221 ’
1799 240 1852 299 see

143 384 222 456 quod
246 380 373 435 maxime
395 375 514 449 propriu
537 371 666 429 scientiae
682 373 726 426 est
741 368 838 440 prima
862 367 966 437 ligure.
983 365 1008 429 Α
1024 378 1090 435 quae
1102 371 1148 422 est
1161 386 1178 424 e
1192 385 1218 437 σ,
1236 388 1303 427 nem
1325 373 1369 428 ct
1392 370 1551 444 propositio
1567 384 1683 440 semper
1695 367 1769 425 leisc
1786 368 1851 437 erit,

27 508 30 513 -
143 473 223 528 Sicut
237 475 335 526 eutem
352 482 447 522 cesse
459 464 488 518 in
501 465 516 518 t
528 461 673 531 contingit
688 456 920 519 indivisibiliter,
932 452 976 509 εἰσ
1031 461 1150 526 propter
1165 459 1192 515 id
1210 461 1316 531 quode
1331 460 1361 516 in
1378 461 1459 517 nullo
1485 461 1500 515 b
1523 464 1579 523 est,
1594 459 1643 515 sed
1660 474 1726 530 quse
1745 462 1790 513 est
1810 474 1853 513 oc

142 567 172 619 et
187 577 243 615 non
260 575 324 614 esse
340 553 552 628 possibileest;
570 551 634 606 dico
647 554 744 605 eutem
757 543 977 603 indivisibiliter
1031 549 1138 617 potest,
1153 552 1185 602 ut
1200 549 1257 605 sio
1275 555 1304 605 et
1319 550 1348 605 in
1363 567 1388 618 c,
1411 556 1440 606 et
1460 550 1489 605 in
1516 550 1531 603 t
1555 546 1776 604 indivisibiliter
1800 553 1853 617 est,

142 666 219 717 esee,
234 646 278 702 vel
294 662 352 701 non
368 658 432 699 esse
448 657 481 697 eo
497 640 574 712 quod
591 655 648 694 non
672 641 716 694 est
739 635 852 708 eliquid
869 646 971 689 eorum
1030 635 1188 691 cumcuim
1210 638 1337 709 primurn
1361 639 1535 711 predicetur
1555 637 1632 693 idem
1643 637 1680 691 de
1704 635 1852 708 pluribus,

145 732 421 800 medium,sicenim
431 724 807 785 noueritsecundumsliud
817 721 974 779 ossellum
1031 728 1168 780 neutrum
1184 725 1213 781 in
1225 731 1328 783 neutro
1344 728 1410 784 erit.
1426 726 1527 783 Diffcrt
1541 731 1639 782 autem
1656 723 1741 793 nihil,
1760 740 1855 795 neque

143 826 236 898 igitur
246 826 325 878 suto
337 821 410 876 suti
426 820 527 875 inloto
539 817 638 889 aliquo
650 815 700 882 sit,
712 814 862 870 autetiam
874 811 973 878 ambo,
1030 810 1119 867 sinon
1132 813 1538 887 indivisibiliterinsit,ipsius
1551 815 1671 887 quidem
1680 828 1757 883 esse,
1765 813 1855 885 igitur

146 930 204 971 non
219 912 364 983 contingit
379 910 435 964 oin
451 909 465 962 b
479 907 573 980 primo
590 922 649 962 nou
665 921 739 960 esse.
758 902 803 959 Sit
818 901 896 957 euim
912 916 929 955 a
944 899 973 954 in
1028 901 1161 974 deceptio
1177 905 1305 974 peristu,
1319 905 1399 961 etsie
1415 904 1564 970 sitsolum,
1581 904 1729 960 nonenim
1744 909 1808 959 erat
1822 904 1852 958 in

147 1008 207 1060 toto
222 1018 246 1066 c,
267 1000 357 1071 igitur
372 1000 397 1054 si
413 997 428 1053 t
450 1013 508 1053 non
524 1000 570 1051 est
583 995 613 1049 in
631 998 691 1049 toto
706 1009 721 1047 c
735 993 840 1063 (potest
863 989 974 1046 enimc
1028 986 1086 1044 elie
1101 990 1196 1063 figura
1210 993 1304 1064 ipsius
1314 1010 1379 1050 esse
1395 993 1593 1067 syllogismus,
1610 993 1660 1063 oui
1675 1009 1744 1048 vero
1760 992 1853 1063 ipsius

145 1091 266 1166 quidem
281 1104 345 1145 esse
357 1088 386 1142 in
395 1087 523 1158 quodam
540 1089 612 1154 toto,
624 1083 675 1139 sed
687 1083 702 1136 b
714 1098 772 1138 non
781 1096 846 1136 esse
856 1079 884 1134 in
897 1079 973 1149 bec),
1029 1094 1086 1134 nou
1106 1082 1184 1149 esse,
1196 1081 1226 1136 in
1244 1082 1338 1153 prima
1349 1083 1452 1155 figure,
1469 1088 1498 1138 et
1508 1084 1537 1138 in
1549 1082 1645 1139 medis
1654 1090 1709 1145 est,
1722 1081 1852 1154 primum

144 1180 337 1254 syllogismus
354 1177 409 1232 erit
423 1175 499 1246 quod
513 1190 571 1230 non
588 1173 627 1228 sit
642 1189 659 1227 o
672 1171 701 1226 in
718 1170 732 1225 ἰ)
749 1190 757 1238 ς
780 1170 804 1225 εἰ
817 1168 894 1225 enirn
911 1168 940 1223 in
956 1185 974 1224 a
1027 1167 1115 1239 igitur
1126 1169 1259 1227 dicemus
1274 1176 1345 1243 quot
1355 1172 1452 1227 modis
1463 1171 1492 1227 in
1504 1172 1600 1245 prima
1612 1172 1655 1241 fit,
1666 1178 1695 1227 el
1705 1173 1853 1243 quomodo

146 1269 265 1342 quidem
277 1265 358 1322 omui
372 1268 417 1321 ost
430 1280 455 1330 c,
469 1263 499 1319 in
516 1263 531 1318 l
546 1266 645 1318 sutem
662 1258 742 1316 nullo
757 1257 852 1332 settin
865 1257 972 1315 nullot
1027 1257 1855 1333 sehabentibuspropositionibus.Contingiligiturutris·

145 1365 190 1417 est
200 1376 229 1414 a.
243 1356 385 1413 Similiter
395 1359 493 1410 sutem
504 1357 532 1409 et
542 1352 566 1408 si
577 1350 632 1406 tin
643 1349 812 1422 aliquotolo
829 1352 884 1415 eet,
895 1350 928 1403 ut
941 1347 971 1403 in
1027 1362 1084 1418 que
1099 1347 1192 1417 salsis,
1208 1358 1239 1404 ut
1255 1350 1279 1405 si
1295 1355 1355 1406 oet
1370 1351 1427 1405 inb
1443 1355 1472 1407 et
1491 1350 1519 1404 in
1533 1366 1548 1405 c
1564 1347 1797 1420 indivisibiliter,
1808 1349 1856 1417 sit,

147 1449 172 1518 t,
189 1448 206 1502 cl
221 1446 300 1503 enim
315 1446 345 1500 in
358 1443 437 1499 omni
455 1442 470 1495 lt
485 1446 540 1509 est,
557 1441 613 1496 ino
629 1444 728 1496 eutem
740 1437 871 1506 nullo,d,
882 1453 971 1509 quere
1025 1436 1138 1494 sienim
1149 1438 1337 1511 accipietur-a
1353 1440 1381 1494 in
1393 1455 1408 1496 c
1418 1437 1499 1495 nullo
1509 1444 1718 1505 esse,ceutem
1730 1438 1759 1494 in
1771 1438 1855 1494 omni

145 1535 308 1593 oinnullob
318 1528 871 1604 eritpereyllogismum.Eodemeulem
884 1526 970 1581 modo
1026 1525 1053 1596 b,
1065 1527 1145 1583 lolsae
1160 1532 1231 1584 sunt
1244 1529 1468 1601 propositiones.
1486 1528 1636 1600 Contingit
1650 1532 1749 1584 eutem
1765 1534 1796 1586 et
1811 1531 1853 1587 el-

147 1624 362 1683 monstrebitur
376 1626 405 1677 et
418 1622 444 1677 si
456 1624 580 1692 utreque
594 1623 624 1674 in
641 1620 699 1674 toto
715 1616 812 1688 aliquo
826 1616 874 1673 sit.
886 1615 968 1680 Quod
1023 1618 1087 1672 tera
1102 1616 1186 1682 lelso,
1208 1621 1238 1674 et
1252 1617 1308 1674 huc
1327 1634 1506 1692 quocunque
1529 1617 1728 1690 contingente,
1757 1623 1854 1690 potest

147 1721 245 1773 autem
263 1712 408 1784 contingit
423 1711 437 1766 t
459 1726 516 1766 non
532 1725 597 1765 esse
611 1707 641 1763 in
656 1723 714 1780 quo
730 1710 791 1762 loto
812 1710 857 1761 eet
867 1723 894 1776 o,
918 1709 969 1761 eut
987 1733 1011 1798 B
1026 1707 1105 1763 enim
1122 1723 1186 1779 quer
1200 1713 1245 1764 eet
1258 1725 1276 1764 σ
1288 1725 1303 1764 c
1317 1723 1384 1763 vers
1395 1724 1470 1775 esse,
1487 1723 1545 1779 que
1558 1723 1625 1763 vero
1641 1709 1656 1763 b
1673 1722 1688 1762 c
1704 1706 1792 1775 laiss,
1804 1710 1856 1765 sed

147 1807 279 1862 iterumn
289 1803 437 1873 inquoeet
449 1801 475 1865 b,
488 1797 676 1854 menifestum
685 1800 728 1854 est
737 1811 772 1852 ex
781 1796 974 1852 coordinatio·
1027 1802 1160 1869 queesto
1171 1813 1273 1864 overe,
1287 1796 1427 1868 quoniam
1438 1814 1495 1854 non
1506 1797 1536 1852 in
1548 1797 1763 1868 omnibusque
1775 1804 1857 1866 sunt,

148 1895 247 1959 nibus,
264 1904 446 1964 quascunque
456 1904 514 1944 uon
525 1890 745 1944 commutentur
756 1885 791 1940 ed
803 1885 938 1955 invicem,
949 1885 974 1941 si
1028 1885 1103 1941 inest
1116 1904 1144 1957 o,
1158 1886 1209 1941 sed
1226 1902 1290 1957 quae
1305 1892 1351 1942 est
1364 1887 1406 1941 ct
1423 1886 1495 1943 laiss
1506 1902 1581 1954 esse,
1591 1885 1731 1958 quonism
1743 1887 1860 1959 impos·

149 1984 228 2041 enim
243 1980 317 2038 nihil
332 1995 433 2036 eorum
451 1995 514 2051 que
529 1978 589 2034 siut
604 1977 633 2032 in
649 1993 666 2032 o
680 1976 725 2032 cd
747 1975 973 2044 coordinatione,
1027 1973 1112 2030 sibile
1126 1980 1171 2032 est
1186 1992 1251 2032 esse
1265 1975 1294 2030 in
1312 1975 1365 2046 tc,
1382 1975 1409 2031 in
1427 1993 1484 2046 quo
1501 1975 1581 2032 nullo
1595 1979 1640 2032 est
1655 1991 1672 2030 o
1691 1991 1750 2031 non
1777 1977 1858 2033 enim

150 2073 186 2130 de
196 2070 278 2128 nullo
288 2069 570 2142 praedicatureorum
580 2066 758 2138 quaesuutin
772 2064 841 2137 bes,
852 2068 975 2119 caulem
1027 2063 1116 2121 etiam
1133 2066 1270 2134 demerit,
1282 2081 1347 2137 qum
1357 2069 1452 2121 estoc
1467 2064 1637 2136 propositio,
1645 2063 1734 2120 simul
1755 2071 1857 2122 autern

149 2163 180 2218 in
200 2164 261 2217 toto
278 2176 305 2229 p,
315 2158 357 2214 sie
372 2155 592 2212 coordinatione
607 2155 760 2224 existente,
784 2152 975 2208 menifestum
1027 2157 1057 2209 et
1071 2154 1096 2209 si
1112 2154 1172 2210 sint
1186 2160 1317 2226 utraeque
1333 2171 1416 2222 verae,
1433 2161 1461 2212 et
1475 2153 1624 2210 conclusio
1638 2170 1708 2210 vera
1723 2154 1792 2223 erit,
1806 2157 1857 2211 scd

148 2252 194 2308 est
208 2248 285 2321 quod
299 2249 313 2304 t
325 2263 382 2302 non
394 2245 449 2301 erit
459 2245 489 2300 in
500 2262 528 2314 p,
542 2247 793 2301 commutarentur
803 2243 882 2297 enim
894 2256 976 2296 coor-
1027 2241 1117 2299 etiem
1128 2260 1192 2315 qus
1205 2251 1250 2300 est
1261 2260 1275 2300 σ
1287 2243 1311 2300 ir.
1323 2243 1473 2316 Contingit
1483 2261 1579 2300 versm
1591 2259 1656 2299 esse
1683 2260 1753 2299 cum
1766 2244 1865 2300 altere

148 2329 975 2402 (tinctionessimilitersutemestetsibintotoaliquoest.
1028 2331 1067 2388 sit
1083 2333 1165 2404 talea,
1183 2339 1215 2389 ut
1225 2334 1249 2390 si
1263 2335 1278 2388 tr
1294 2335 1322 2390 in
1332 2351 1346 2389 c
1356 2335 1405 2405 sit,
1417 2339 1445 2389 et
1455 2333 1523 2401 ina,
1536 2339 1712 2390 necessoest
1722 2335 1806 2391 enim
1818 2336 1864 2392 nl-

152 2428 184 2486 Si
208 2443 275 2483 vero
291 2429 427 2482 neutrum
444 2423 484 2479 sil
498 2424 528 2478 in
543 2426 603 2478 toto
626 2422 724 2492 utiquo
748 2418 839 2491 nullo,
859 2435 916 2474 nou
937 2417 976 2473 sit
1028 2424 1122 2476 terum
1139 2423 1194 2477 sub
1209 2423 1519 2494 alteroeese,queresi
1531 2423 1721 2495 eccipialura
1736 2423 1767 2479 in
1778 2425 1864 2481 nullo

151 2606 231 2664 euim
249 2603 431 2674 eritsliquod
447 2601 590 2671 medium,
601 2615 721 2656 necesse
730 2602 775 2655 est
783 2598 908 2654 silerum
924 2596 975 2653 ho·
1028 2615 1095 2655 cum
1110 2598 1200 2655 alteru
1216 2601 1241 2657 εἰ
1257 2600 1341 2670 ἰσίεσ,
1358 2607 1387 2656 et
1402 2602 1432 2656 in
1448 2602 1593 2674 utrisque,
1608 2601 1703 2657 falsus
1720 2603 1861 2676 syllogis-

150 2712 216 2752 rum
226 2694 257 2749 in
268 2692 398 2765 quodam
409 2694 471 2747 toto
482 2705 558 2758 esse,
570 2687 707 2744 eutenim
717 2688 747 2743 in
763 2687 860 2759 prime
871 2687 975 2758 ligura,
1028 2705 1094 2746 mus
1103 2689 1168 2746 erit.
1179 2691 1234 2746 Sed
1246 2691 1275 2746 in
1287 2691 1383 2746 media
1394 2690 1512 2762 quidem
1526 2691 1620 2762 figure
1630 2695 1709 2748 totns
1722 2694 1856 2765 proposi-

151 2789 202 2842 sut
217 2785 247 2839 in
264 2781 360 2838 medin
374 2781 430 2836 erit
444 2777 645 2851 syllogismus,
667 2777 692 2832 εἰ
708 2776 826 2849 quidem
840 2775 932 2848 igitur
946 2776 975 2830 in
1028 2778 1124 2835 tiones
1135 2785 1350 2852 esseutresque
1360 2780 1451 2836 luleus
1461 2797 1518 2836 nou
1530 2780 1682 2849 contingit,
1695 2798 1764 2838 curn
1777 2782 1853 2838 enim

152 2869 445 2948 primuttgurab,erit
457 2868 486 2924 iu
496 2866 887 2939 lotoaliquo,aiflrmativam
897 2864 976 2921 enim
1027 2867 1058 2923 in
1074 2867 1179 2924 omnil
1194 2868 1270 2936 csit,
1287 2867 1361 2924 nihil
1375 2868 1852 2942 eritncciperequodinalteroerit

153 2965 187 3021 sd
198 2964 252 3018 boc
263 2963 379 3034 oportet
390 2957 451 3014 fieri
463 2954 740 3031 propositionem.Si
750 2955 856 3012 veroin
869 2955 976 3021 medis,
1029 2958 1118 3025 omni,
1131 2959 1161 3014 in
1173 2957 1261 3014 altero
1271 2973 1337 3013 vero
1352 2957 1433 3014 nullo
1448 2958 1513 3027 erit,
1529 2962 1642 3027 oportet
1651 2962 1751 3014 nutem
1774 2959 1817 3015 εἰσ
1828 2958 1853 3014 ἰσ

83 3072 87 3079 ·
152 3049 445 3121 utrumconlingitad
455 3047 696 3118 utrumqueeuim
717 3045 812 3117 posito
833 3044 974 3117 privativo
989 3095 1010 3162 C
1029 3046 1126 3102 medio
1141 3047 1236 3118 ligura
1251 3046 1382 3117 eceipere
1393 3046 1615 3119 propositiones,
1629 3047 1746 3117 siquod
1758 3047 1789 3102 in
1801 3047 1853 3105 hoc

151 3141 206 3196 erit
219 3139 419 3212 syllogismus,
432 3152 498 3191 curn
512 3140 610 3191 autem
635 3139 760 3206 utruque
773 3133 914 3207 privativa
924 3133 973 3201 sit,
1028 3135 1147 3207 quidem
1155 3135 1238 3202 eit,et
1254 3137 1331 3208 quod
1357 3136 1386 3191 in
1410 3136 1465 3192 boc
1485 3152 1543 3191 non
1568 3137 1616 3204 eit,
1633 3134 1787 3207 siquidem
1799 3138 1852 3192 erit

153 3245 210 3284 non
228 3228 293 3294 erit,
311 3225 502 3282 menifestum
519 3224 670 3296 igiturest
685 3223 762 3294 qnod
780 3220 924 3294 contingit
945 3226 975 3277 et
1027 3223 1227 3297 syllogismus,
1242 3225 1267 3282 si
1291 3225 1382 3297 igitur
1397 3224 1629 3297 accipiantursic
1644 3224 1736 3291 telem,
1754 3224 1851 3296 pelam

153 3315 232 3370 uliud
248 3313 277 3367 in
293 3312 349 3366 elio
361 3327 419 3366 non
434 3326 498 3366 esse
513 3309 713 3376 indicibiliter,
729 3313 758 3364 et
772 3309 890 3380 quondo
905 3323 973 3364 eon·
1027 3314 1105 3387 qued
1121 3314 1271 3370 contrarie
1284 3330 1300 3370 e
1315 3329 1453 3370 converso
1467 3330 1498 3370 se
1509 3313 1669 3382 habebunt,
1686 3314 1741 3369 hoc
1752 3321 1851 3372 nutem

153 3401 251 3473 tingit,
268 3404 297 3456 el
310 3415 368 3472 quo
380 3400 465 3454 modo
475 3398 614 3454 diximus.
1027 3402 1208 3474 impossibile
1223 3407 1277 3459 est.
1290 3407 1322 3458 ln
1331 3402 1431 3475 aliquo
1441 3408 1538 3459 eutem
1550 3408 1707 3474 utramque
1717 3404 1851 3478 proposi·

469 3504 585 3560 egpuy
604 3504 664 3560 χιι,
1027 3492 1137 3548 tionem
1153 3491 1226 3548 nibil
1241 3492 1491 3565 prohibstlulsam
1501 3509 1575 3564 esse,
1591 3502 1622 3549 ut
1635 3493 1660 3549 si
1675 3508 1690 3548 c
1706 3495 1734 3548 in
1745 3511 1775 3564 a,
1785 3494 1851 3550 etin

156 3602 195 3654 De
218 3592 379 3668 ignorantie
400 3597 426 3648 et
453 3593 611 3664 rylloptsmo
635 3593 787 3664 imperitis)
800 3608 898 3649 eorum
914 3609 976 3665 φη
1029 3580 1044 3636 b
1059 3580 1155 3653 aliquo
1171 3587 1233 3650 est;
1250 3582 1274 3638 si
1290 3581 1368 3637 enim
1384 3599 1401 3637 a
1415 3582 1444 3637 in
1461 3582 1541 3638 omni
1556 3582 1739 3654 succipiatur
1749 3584 1852 3650 esset

344 3667 434 3737 primo
449 3663 660 3734 immedialeth
674 3666 779 3720 imunt·
1029 3670 1348 3738 auleminuulto,telsae
1363 3671 1480 3743 quidem
1491 3674 1853 3744 utraequepropositiones,

188 3755 357 3830 Ignorantia
367 3759 464 3811 antem
477 3769 534 3809 non
547 3752 707 3808 secundum
719 3752 914 3825 negationem,
924 3756 974 3810 sed
1029 3760 1490 3832 uontemeutots,sedinaliquo,
1501 3777 1667 3817 econverso
1692 3766 1792 3817 sutem
1802 3777 1853 3835 po·

153 3840 824 3915 secuudumdispositionemdicta,eetquidem
835 3842 977 3917 pereyllo·
1029 3850 1084 3904 sito
1101 3849 1242 3922 privativo
1257 3848 1402 3905 similiter.
1418 3850 1547 3927 alterum
1563 3854 1660 3904 eutem
1682 3848 1803 3914 selsam,
1827 3854 1855 3906 et

153 3936 280 4008 giemum
298 3933 374 3990 tacte
386 3930 743 4003 deceptioflaecautemin
757 3931 977 4003 iis,queineuul
1029 3939 1161 4010 qualibet
1170 3938 1324 4009 contingit,
1340 3939 1417 4009 quod
1433 3938 1510 3993 euim
1535 3942 1580 3994 est
1593 3937 1624 3993 in
1639 3938 1763 4005 oomni,
1780 3942 1809 3994 et
1824 3939 1854 3992 in

152 4024 385 4098 primo,cutnon
396 4018 888 4093 insunt,contingitdupliciter,sut
897 4022 976 4078 enim
1029 4028 1044 4083 t
1059 4029 1113 4094 est,
1125 4025 1151 4082 si
1165 4026 1254 4099 igitur
1263 4027 1480 4098 acciapioturiu
1489 4044 1505 4083 o
1515 4026 1634 4099 quidem
1646 4031 1706 4082 toto
1715 4043 1812 4097 esser,
1823 4027 1854 4081 in

70 4120 73 4125 '
153 4119 199 4171 est
213 4128 279 4170 curn
291 4109 465 4183 simpliciter
480 4108 604 4180 occipiat
614 4125 690 4180 esse,
705 4107 750 4165 vel
765 4125 823 4165 non
839 4127 913 4175 esse,
925 4115 977 4168 eut
1030 4108 1158 4163 dautem
1174 4111 1233 4162 tolo
1250 4124 1306 4162 non
1322 4123 1397 4175 esse,
1418 4124 1481 4179 quae
1496 4108 1615 4178 quidem
1629 4112 1697 4162 estc
1711 4110 1797 4163 uerit
1809 4123 1855 4163 vs·

153 4219 220 4260 oum
233 4218 283 4273 per
292 4199 497 4274 syllogismum
509 4197 632 4271 accipiet
643 4197 823 4270 opinionem,
833 4200 977 4272 simplicis
1029 4215 1072 4267 rs,
1088 4198 1138 4253 scd
1154 4213 1217 4270 qum
1228 4202 1295 4252 estc
1305 4197 1320 4252 t
1331 4196 1414 4253 lutea.
1426 4201 1535 4253 lterum
1544 4199 1621 4267 quod
1635 4197 1689 4252 inlr
1705 4196 1788 4253 nullo
1799 4202 1852 4263 est,

153 4293 272 4367 quidem
281 4288 506 4362 ergoopinionis
517 4286 792 4361 simplexdeceptio,
800 4291 850 4344 sed
860 4294 978 4361 qumest
1030 4304 1125 4360 neque
1139 4289 1169 4343 in
1183 4303 1201 4342 σ
1215 4287 1296 4343 omui
1312 4289 1378 4355 erit,
1391 4288 1416 4343 si
1430 4287 1507 4343 enim
1525 4289 1554 4342 in
1570 4304 1587 4342 o
1601 4293 1656 4357 est,
1672 4294 1702 4342 et
1717 4288 1744 4342 in
1764 4290 1790 4352 b,
1802 4289 1852 4343 sed

153 4378 415 4453 pereyllogismum
425 4378 524 4448 plures
536 4379 615 4431 sunt.
627 4375 736 4432 Nonsil
745 4377 822 4433 enim
834 4376 977 4434 oinnutlo
1031 4394 1087 4432 non
1098 4375 1331 4448 inerat,siigitur
1340 4375 1613 4448 eccipoturcintoto
1623 4377 1741 4448 quidam
1752 4394 1770 4431 σ
1779 4394 1853 4443 esse,

153 4468 168 4524 lr
184 4465 410 4533 indivisibiliter,
427 4480 495 4537 ergo
511 4464 536 4520 si
550 4463 701 4537 syllogizet
720 4483 740 4522 a
755 4482 820 4522 esse
834 4466 892 4521 iub
917 4483 978 4522 me-
992 4461 1016 4525 Ι)
1031 4465 1194 4521 tutantem
1206 4463 1500 4539 nulloquidern,qoe
1511 4470 1555 4521 est
1566 4465 1581 4520 b
1592 4481 1606 4520 σ
1617 4465 1856 4537 propositionem

153 4556 235 4612 dium
252 4554 398 4626 accipiens
413 4570 437 4617 o,
454 4554 594 4624 deceptus
607 4554 662 4609 crit
685 4571 737 4626 per
759 4555 974 4629 syllogismum,
1029 4560 1084 4623 est,
1102 4554 1193 4611 eltere
1201 4570 1270 4610 vero
1281 4553 1364 4610 talea.
1375 4553 1515 4610 Similiter
1525 4559 1623 4610 autem
1634 4555 1855 4627 filtrensposito

153 4644 297 4716 contingit
312 4642 402 4714 igitur
416 4647 557 4713 utrosque
573 4643 787 4715 propositiones
798 4660 863 4700 esse
874 4645 974 4715 lnlsee,
1030 4644 1181 4715 privetivo,
1194 4643 1270 4716 quod
1282 4643 1361 4699 enim
1372 4643 1491 4699 innullo
1502 4648 1585 4713 esto,
1595 4661 1688 4715 neque
1699 4645 1730 4699 in
1746 4645 1762 4700 lr
1775 4646 1854 4701 nullo

152 4732 296 4803 contingit
306 4735 404 4786 autem
413 4730 535 4787 altorem
547 4730 641 4787 solum
654 4748 719 4787 esse
730 4731 845 4798 taleam,
861 4733 885 4787 εἰ
896 4734 973 4789 enirn
1029 4735 1085 4791 erit
1098 4733 1123 4790 ei
1139 4733 1228 4804 igitur
1238 4732 1458 4804 accipiaturcin
1471 4737 1530 4789 toto
1546 4734 1693 4805 quideme
1710 4751 1768 4789 non
1777 4751 1853 4803 esse,

154 4837 274 4893 nequeo
289 4820 319 4876 in
334 4820 414 4877 nullo
425 4837 439 4875 c
450 4821 515 4888 erit,
527 4820 682 4893 nequecin
697 4819 778 4875 nullo
788 4820 804 4873 ἰ
814 4821 879 4885 erit,
890 4838 973 4877 ecce·
1028 4821 1087 4877 iub
1100 4827 1199 4878 eutem
1209 4837 1274 4878 esse
1284 4826 1355 4887 toto,
1370 4837 1435 4893 quae
1445 4822 1563 4893 quidem
1575 4827 1620 4878 est
1633 4840 1650 4877 a
1664 4839 1679 4878 c
1694 4825 1855 4895 propositio

153 4917 202 4983 pto
217 4913 315 4965 aulem
331 4913 456 4980 utreque
470 4908 654 4976 econtrario,
667 4909 791 4978 utraque
800 4907 877 4962 euim
888 4913 974 4966 erunt
1028 4925 1095 4965 veru
1109 4914 1165 4980 est,
1174 4908 1266 4965 altera
1273 4914 1371 4965 sutem
1383 4908 1466 4965 falsa.
1476 4910 1512 4965 itt
1523 4911 1628 4966 iterum
1640 4912 1719 4981 quod
1729 4912 1761 4966 in
1773 4915 1855 4969 ornni

153 4999 245 5056 lslsae.
261 4998 345 5055 Potes
359 5003 457 5054 nutem
474 4998 516 5052 sic
541 5013 571 5053 se
595 4995 730 5051 haberes
747 4995 784 5051 ed
799 5011 826 5065 α,
846 5000 875 5051 et
894 4998 929 5053 nd
947 4999 973 5070 tr,
1029 4999 1114 5064 beet,
1129 4997 1160 5054 in
1176 4996 1257 5053 nullo
1272 4998 1402 5070 occipere
1416 5014 1433 5053 o
1445 5015 1520 5064 esse,
1540 4997 1646 5054 salsum
1663 5003 1718 5062 est,
1735 5018 1858 5058 necesse

154 5090 231 5163 quod
248 5104 342 5161 neque
356 5104 370 5143 σ
385 5088 440 5143 sub
455 5103 472 5142 o
485 5085 534 5150 sit,
551 5083 688 5156 usquein
704 5081 932 5142 huniversaliter
942 5087 974 5154 ,tr
1028 5086 1106 5143 enim
1123 5087 1202 5142 estsi
1215 5086 1245 5142 in
1261 5087 1381 5157 omnib,
1397 5087 1464 5142 etin
1475 5088 1602 5157 quodam
1613 5105 1630 5142 o
1641 5104 1716 5155 esse,
1728 5091 1752 5144 si
1767 5091 1858 5160 igitur

153 5179 271 5250 quidem
283 5175 466 5248 impossibile
480 5176 525 5230 est
539 5176 641 5228 esseio
651 5169 750 5241 sliquo
761 5176 833 5244 toto,
845 5175 974 5246 primurn
1029 5174 1225 5247 decipieturiu
1234 5178 1314 5232 omni
1324 5176 1443 5248 quidem
1455 5177 1470 5232 t
1481 5192 1577 5247 essee,
1590 5178 1858 5251 incrementando,

151 5269 230 5324 enim
246 5268 355 5322 dietum
372 5270 416 5320 est
432 5264 462 5318 iu
477 5261 542 5333 ipso
556 5259 669 5315 otnou
683 5275 758 5331 ease,
773 5278 794 5316 a
808 5269 905 5319 sulem
915 5282 974 5321 non
1029 5280 1093 5336 que
1104 5264 1225 5335 quidem
1239 5269 1313 5321 estc
1337 5268 1363 5329 t,
1384 5266 1532 5336 seruerit,
1547 5282 1612 5338 quse
1627 5273 1724 5322 autem
1741 5279 1785 5322 est
1801 5287 1819 5324 o
1832 5287 1858 5338 c,

153 5371 284 5421 necesse,
300 5359 345 5410 est
359 5351 499 5408 omuibus
514 5348 620 5416 inesse,
631 5364 694 5419 qus
705 5352 795 5405 suutc
806 5353 975 5410 universali·
1029 5353 1112 5411 telas.
1130 5353 1316 5413 Manifestum
1328 5355 1418 5428 igitur
1430 5356 1508 5427 quod
1524 5357 1658 5428 utrisque
1669 5356 1763 5424 telsis,
1776 5363 1806 5413 et
1816 5359 1859 5413 al-

153 5450 304 5515 tcr‚quere
314 5446 447 5512 utraeque
458 5436 820 5495 rarescunteeuaberam
832 5443 975 5516 contingit
1029 5450 1092 5502 tera
1103 5443 1211 5514 solum,
1226 5445 1282 5500 erit
1305 5443 1496 5517 syllogismus
1510 5444 1678 5516 deceptivus
1701 5446 1860 5504 indivisio·

149 5549 250 5591 rerem
261 5532 404 5603 occipere,
416 5531 578 5584 nontamen
588 5524 751 5597 quamlibet
760 5529 913 5600 contingit,
922 5535 973 5591 aed
1030 5533 1129 5590 nibus.
