3892 6126
121 329 175 386 827
761 332 821 386 AN.
840 330 953 385 MANL.
971 328 1053 384 BEV.
1072 329 1192 386 nortun
1778 325 1834 385 828

121 473 179 514 non
191 459 246 513 cst.
260 455 333 513 Nam
347 455 441 512 sihor
452 454 526 511 talea
537 460 654 513 estvara
665 457 720 513 ortt
730 457 946 528 contrajacens.
961 458 1082 525 Annnc
1096 471 1163 511 varo
1193 452 1440 527 nullumJustum
1464 452 1576 510 melum
1606 453 1832 525 est,rlneesibi

121 563 186 620 qne
197 551 251 614 εει,
265 547 469 616 omnejostum
479 546 587 602 bonum
599 553 653 604 εει.
661 548 715 604 Sed
724 546 949 604 etiamillacon·
1004 545 1314 615 contraJ'ncentee,uno
1321 543 1690 617 tomporeccncedit,quod
1700 543 1766 600 fleri
1774 561 1830 601 non

121 651 204 693 cessa
219 640 273 701 est,
291 652 354 706 qua
370 639 427 700 est,
446 637 561 692 nullum
583 639 693 694 bonum
711 637 823 694 malum
837 642 893 694 ast.
910 635 950 690 Ex
1005 638 1109 706 potest.
1126 632 1248 690 Sublata
1262 633 1354 706 igitur
1370 634 1529 691 universali
1545 635 1751 703 conclusione,
1768 651 1830 706 que

120 722 242 794 bisergo
254 725 414 795 colligitur,
423 724 537 780 nullum
550 726 759 798 ipiturjustnm
768 726 880 782 molum
893 728 948 781 ast.
1004 726 1059 790 eal,
1076 723 1281 794 cmnojustum
1293 723 1634 788 bonnmcst,remenabit
1645 723 1830 796 perticulerie

119 811 175 867 Sed
183 813 266 883 prius
276 816 646 887 concessaeret,quoddam
651 817 767 887 justum
775 815 948 883 malumost,
1004 813 1131 882 negatio,
1148 829 1212 885 que
1226 817 1281 879 est,
1292 814 1438 885 quoddam
1450 814 1567 886 justum
1578 812 1691 869 bonum
1702 829 1763 868 non
1776 817 1828 870 eet.

354 902 474 958 Nullum
492 908 601 960 nonum
619 906 728 960 melum
745 910 791 962 cat
1003 916 1148 958 concessa
1291 900 1412 958 Nullum
1429 903 1538 959 bonnm
1555 900 1668 957 malum
1685 905 1742 958 cst.

354 990 506 1056 Qucddam
519 993 635 1063 justum
652 992 761 1050 melum
776 998 821 1050 est
998 989 1157 1061 contrajac.
1284 989 1378 1046 Omne
1388 991 1504 1061 J'ustum
1520 989 1632 1046 bonum
1643 994 1702 1045 est.

353 1078 846 1153 Qucoocmigiturjustumbcnum
860 1081 1112 1152 nonest,permut.
1126 1078 1286 1150 contreJac.
1302 1077 1422 1135 Nullum
1434 1095 1501 1149 ergo
1516 1079 1633 1152 justum
1648 1077 1766 1135 melum
1776 1082 1824 1137 εει.

117 1184 271 1241 Secundus
293 1187 428 1241 secunde
445 1188 544 1259 figure
561 1189 590 1243 in
608 1188 695 1245 tertio
721 1189 822 1261 prime
847 1188 947 1261 figure
1000 1186 1090 1242 cessit
1105 1184 1186 1241 illam
1204 1202 1268 1258 que
1283 1191 1339 1256 est,
1355 1203 1442 1244 omne
1457 1187 1568 1243 bonnm
1583 1186 1682 1242 virtus
1693 1189 1823 1258 ast,con·

119 1273 206 1328 modo
222 1273 264 1329 sic
279 1274 454 1331 resolvitur:
471 1276 495 1331 si
512 1277 579 1348 qnia
602 1277 677 1334 duas
696 1278 832 1335 secundae
847 1277 947 1350 figure
1001 1276 1102 1332 cludet
1118 1292 1236 1333 necesse
1250 1280 1306 1346 cst,
1327 1275 1705 1349 quoddemjustumvirtns
1716 1274 1825 1349 est‚qni

120 1362 949 1439 propositionesconcesserit,ccnolusionemquoquocon·
997 1365 1061 1436 lam
1078 1370 1144 1420 ante
1160 1371 1345 1421 concesserat
1359 1366 1518 1422 secundam
1535 1365 1659 1422 secundi
1674 1364 1824 1439 modique

120 1452 280 1525 rectaque
292 1458 347 1524 cst,
359 1455 569 1526 igiturjustum
582 1457 693 1514 bonum
710 1457 844 1515 cat.Nem
854 1456 947 1513 sibae
1002 1458 1057 1524 est,
1074 1452 1189 1510 nullum
1200 1454 1318 1525 justum
1329 1454 1424 1511 virtus
1439 1458 1495 1523 eat,
1511 1456 1586 1511 duas
1594 1455 1824 1526 contrajacentes

122 1540 401 1615 falsacst,eritvara
413 1547 619 1627 contrajacens
631 1546 658 1603 'ei
674 1546 947 1620 particularisatilr·
1002 1559 1061 1600 unc
1077 1552 1207 1616 tompore
1222 1543 1367 1616 concedit,
1383 1544 1461 1616 quod
1477 1543 1539 1601 fleri
1554 1560 1613 1601 non
1629 1547 1740 1615 potest.

122 1632 222 1699 metio,
237 1634 386 1705 quoddam
400 1634 518 1704 justum
532 1636 643 1694 bonum
653 1642 709 1693 εει.
721 1637 776 1695 Sed
789 1637 866 1694 idam
878 1653 947 1692 con·

353 1727 446 1781 Omne
461 1725 571 1781 bonum
587 1726 734 1784 virtnsast
911 1739 1055 1782 concessae
1290 1724 1384 1781 Omne
1399 1726 1509 1782 bonum
1523 1725 1617 1781 virtus
1629 1731 1677 1781 aet

353 1813 474 1870 Nullum
484 1817 601 1887 justum
617 1816 710 1874 virtus
723 1821 779 1888 est,
790 1820 910 1875 contra·
1000 1855 1028 1911 X
1069 1813 1693 1886 contreJacan.Quoddamjustumbcnnm
1708 1817 1764 1872 eet.

353 1902 473 1962 Nullum
487 1906 603 1977 justum
619 1907 730 1963 bonum
746 1912 800 1976 εει,
817 1909 943 1980 permut.
1063 1903 1161 1974 jacen.
1281 1903 1432 1969 Quoddam
1445 1905 1561 1976 lustum
1577 1903 1674 1960 virtus
1689 1907 1744 1961 aet.

120 1990 316 2050 Primusitem
326 1996 749 2070 secundeilgureinquartnm
759 1997 858 2071 prime
870 1997 944 2069 iign-
959 1997 984 2063 Β
999 1992 1089 2067 igitur
1099 1993 1213 2064 justum
1226 1992 1338 2049 malum
1349 2009 1407 2050 non
1424 2001 1478 2061 cst,
1493 1993 1542 2064 qui
1557 1997 1626 2050 ante
1641 1994 1822 2050 concesserat

121 2095 159 2136 re
171 2081 377 2139 sicresolvitur
390 2085 677 2157 :quiconcoditduas
685 2087 772 2159 primi
790 2088 943 2159 modiprc·
995 2082 1078 2139 illem
1091 2099 1155 2154 quar
1171 2088 1225 2150 eet,
1241 2099 1328 2140 omna
1340 2084 1455 2155 justum
1472 2082 1583 2140 melum
1600 2087 1657 2139 εει.
1671 2087 1737 2139 Uno
1752 2086 1820 2139 tem·

121 2170 293 2242 positiones,
309 2173 449 2228 concedat
470 2189 588 2230 necesso
604 2178 650 2230 est
672 2180 702 2231 et
715 2175 944 2231 conclusionem.
1000 2189 1070 2244 pore
1085 2173 1161 2227 does
1183 2173 1419 2243 contrajacentes
1432 2171 1575 2239 concedit,
1592 2174 1672 2244 quod
1691 2171 1753 2229 lieri
1772 2185 1824 2228 non

121 2257 195 2315 Nam
208 2261 232 2315 si
251 2260 300 2316 illa
317 2262 454 2327 falsaret,
471 2265 843 2335 eritveracontrejecensci
857 2266 946 2337 parti·
1000 2266 1106 2335 potest.
1123 2260 1246 2317 Sublata
1260 2261 1350 2333 igitur
1364 2261 1533 2334 particulari
1553 2261 1821 2333 affirmationeqne

121 2347 229 2404 calaris
245 2349 491 2424 affirmativaque
504 2353 823 2424 est,quiddamlustum
835 2356 946 2411 bonurn
1000 2363 1054 2422 est,
1072 2354 1344 2426 quoddemjustum
1360 2354 1470 2410 bonum
1482 2358 1537 2425 eet,
1553 2353 1752 2411 remanatille
1766 2368 1822 2426 que

124 2442 179 2494 ast.
194 2440 249 2495 Sed
266 2440 343 2494 idem
361 2441 506 2497 concessit
522 2440 602 2499 illam
617 2459 682 2515 quc
698 2448 752 2512 eat,
767 2442 880 2500 nullum
896 2446 946 2501 bo·
1001 2447 1057 2512 εει,
1073 2441 1188 2499 nullum
1201 2444 1317 2515 justum
1333 2447 1444 2500 bonum
1459 2447 1515 2500 est.

127 2542 198 2583 num
216 2527 326 2585 malum
344 2534 398 2600 est,
414 2530 571 2589 concludat
586 2547 705 2591 necesse
725 2538 781 2601 εει,
797 2535 945 2607 quoddam

352 2636 472 2695 Nullum
488 2638 597 2695 honum
614 2639 725 2697 malum
741 2645 786 2698 est
963 2641 1076 2700 similas
1255 2642 1376 2700 Nullum
1392 2644 1502 2700 bonum
1519 2640 1630 2700 malum
1647 2648 1705 2702 est.

353 2728 446 2784 Omne
456 2729 573 2800 justum
589 2729 702 2787 malum
718 2734 774 2798 ost,
790 2735 903 2803 contre,
994 2771 1022 2829 X
1063 2732 1260 2804 contrajacen.
1275 2734 1428 2800 Qucddem
1438 2733 1555 2804 J'uetum
1570 2733 1684 2789 bonum
1700 2737 1756 2790 est.

352 2815 473 2872 Nullum
487 2819 603 2888 justum
619 2819 729 2876 bonum
746 2825 800 2889 est,
816 2824 944 2894 permut.
1059 2824 1158 2894 jacan.
1272 2822 1823 2893 Quoddemigiturjcstmalumnonest

118 2905 298 2978 Sequiturut
312 2908 405 2964 tertie
416 2907 515 2981 figure
528 2909 676 2965 modosad
689 2909 801 2981 primos
817 2916 945 2982 quatuor
997 2911 1026 2966 si
1042 2911 1120 2968 euim
1137 2913 1233 2984 prime
1243 2911 1403 2983 propositio
1419 2912 1497 2968 tertii
1513 2912 1592 2968 modi
1609 2912 1712 2984 prims
1729 2913 1823 2986 ligure

117 2996 308 3064 reducemus,
326 3012 453 3067 quorum
467 2996 596 3070 quinqua
610 3014 662 3071 par
676 2999 897 3057 conversionem
913 3005 943 3058 et
997 3010 1125 3066 maneat,
1138 3001 1301 3057 etsccunda
1310 3001 1470 3074 propositio
1478 2999 1753 3074 particularistertii
1765 3018 1819 3059 mc·

115 3100 166 3156 par
179 3085 448 3156 impossibilitatem
457 3087 492 3142 ed
502 3088 746 3160 primosquetucr
755 3090 943 3148 resolvuntur
997 3094 1026 3149 di
1040 3092 1139 3164 primes
1152 3092 1252 3164 ligura
1264 3091 1467 3149 universeliter
1478 3096 1677 3159 convertetur,
1687 3096 1719 3149 et
1730 3093 1820 3151 sitae·

115 3190 193 3230 unus
209 3190 276 3230 vero
292 3174 385 3242 solus,
399 3176 426 3231 id
436 3177 625 3249 estquintus,
638 3195 689 3250 por
699 3178 790 3235 solem
803 3179 941 3253 impossi·
996 3181 1093 3238 cunda
1109 3180 1270 3252 propositio
1286 3180 1370 3253 primi
1385 3181 1464 3237 modi
1481 3182 1573 3237 tertia
1588 3177 1704 3254 figurae,
1718 3183 1817 3239 aedem

115 3261 260 3318 bilitatam
270 3262 299 3317 in
315 3265 413 3335 priora
428 3264 594 3324 resolvitur.
607 3266 724 3324 Primus
739 3267 941 3326 tertierncdus
995 3268 1146 3328 conclusio
1162 3269 1323 3343 colligitur,
1337 3270 1365 3327 id
1381 3276 1426 3328 est
1444 3269 1603 3328 affirmatio
1623 3270 1818 3343 particularis.

116 3348 491 3423 ssgnrointertiumprime
501 3355 664 3427 ssgnrahcc
673 3356 940 3416 moderesolvitur:

350 3439 443 3497 Omne
458 3442 691 3514 bonumjustum
705 3457 749 3502 cat
856 3452 956 3505 menet
1063 3447 1156 3505 Omne
1172 3449 1280 3505 honum
1293 3451 1411 3522 jnstum
1427 3451 1481 3506 ast.

349 3529 488 3595 Quodam
501 3531 592 3589 virtus
610 3537 685 3591 bons
699 3540 744 3592 cst
852 3553 992 3596 convorsa
1058 3537 1151 3595 Omne
1168 3537 1278 3595 bonum
1293 3539 1386 3595 virtus
1401 3542 1457 3596 aet.

348 3617 740 3693 Quedemvirtusjustaest
847 3630 947 3683 manet
1053 3627 1190 3694 Qusdam
1205 3626 1460 3700 virtuajuataest.

115 3703 313 3775 volomtario,
324 3709 635 3782 quiasuperiustalam
647 3712 855 3786 syllogismum
867 3714 940 3770 dixi·
955 3715 977 3784 c
995 3715 1052 3773 lam
1069 3733 1127 3773 non
1143 3720 1235 3789 putet.

114 3795 941 3873 musterminisccmmutrtis,qnsmaristotetcscissimt

349 3886 559 3945 omnebonum
574 3889 665 3947 virtus
680 3895 725 3948 est
831 3891 944 3951 similes
1032 3894 1125 3951 Omna
1139 3894 1249 3952 bonum
1264 3895 1357 3953 virtus
1371 3899 1426 3954 eat.

349 3976 501 4042 Quodnam
515 3978 630 4049 justum
645 3980 755 4038 bonum
770 3984 815 4038 est
828 3997 967 4040 converse
1033 3984 1126 4041 Omna
1141 3984 1251 4040 bonum
1263 3986 1377 4056 lustum
1393 3995 1448 4042 ost.

348 4063 501 4129 Quodnam
513 4067 629 4138 justum
645 4069 739 4126 virtus
754 4076 799 4128 ast
836 4078 936 4129 manat
1031 4073 1183 4141 Quoddam
1197 4074 1316 4145 justum
1328 4075 1421 4132 virtus
1435 4078 1489 4133 ast.

114 4148 268 4208 Βεεεεάεε
279 4154 387 4210 modus
398 4154 490 4211 tertie
502 4156 601 4228 ligure
618 4158 647 4214 in
663 4165 802 4232 quartum
818 4162 938 4218 modum
996 4178 1048 4218 moe
1068 4162 1168 4235 ligure
1196 4164 1328 4219 secunde
1343 4165 1504 4238 propositio
1521 4164 1730 4223 universaliter
1754 4179 1817 4221 con·

115 4243 215 4316 prims
232 4244 330 4313 ligures
346 4245 402 4303 hcc
425 4248 511 4303 modo
527 4248 692 4310 resolvitur.
707 4252 734 4307 si
749 4252 827 4308 enim
840 4252 940 4325 prims
995 4256 1134 4319 vertatur,
1150 4256 1179 4307 et
1193 4253 1323 4309 secunda
1349 4253 1389 4308 sit
1404 4253 1563 4326 propositio
1591 4253 1717 4310 secundi
1744 4250 1817 4309 modi

114 4333 332 4405 propositiones
350 4337 472 4393 secundi
484 4339 575 4394 tertie
591 4340 691 4412 ligure
707 4343 798 4410 modi,
809 4342 941 4415 etquarti
995 4342 1086 4399 tertie
1102 4341 1214 4416 figure,
1230 4344 1334 4401 endem
1349 4343 1499 4400 conclusio
1514 4352 1697 4416 procreetur.

116 4420 196 4476 modi
213 4423 315 4493 primo
331 4424 431 4497 figure
443 4432 593 4499 maneant,
605 4430 703 4503 quarti
713 4447 780 4489 vero
790 4432 870 4490 modi
880 4431 943 4504 pri·

347 4513 595 4574 Nullumbcnnm
612 4519 780 4579 malumsat
894 4521 992 4577 menet
1205 4518 1325 4579 Nullum
1341 4520 1451 4577 bonum
1465 4519 1644 4581 malomest.

347 4604 498 4670 Quoddam
510 4607 625 4677 justum
641 4610 751 4666 bonum
767 4615 814 4668 est
889 4626 974 4668 verse
988 4606 1193 4666 universaliter
1207 4608 1300 4666 Omne
1316 4611 1425 4667 bonum
1437 4611 1554 4681 justum
1569 4615 1625 4668 est.

347 4692 500 4758 anddsm
513 4696 629 4768 justum
648 4695 758 4753 melum
774 4715 832 4755 non
848 4704 894 4757 εει
909 4701 1009 4755 manet
1198 4698 1323 4764 Quidam
1335 4701 1450 4771 justum
1467 4698 1577 4756 melum
1594 4716 1652 4757 non
1668 4704 1726 4758 eet.

110 4776 229 4835 Tertius
244 4779 451 4839 modestertie
466 4785 567 4857 ligure
577 4785 607 4841 in
619 4787 738 4841 tertium
749 4787 869 4843 modum
881 4788 941 4861 pri·
955 4792 979 4857 D
995 4786 1073 4843 tertii
1088 4787 1167 4843 modi
1177 4789 1279 4860 prime
1289 4789 1390 4861 figure
1404 4789 1589 4863 perticularie
1602 4790 1818 4865 particulariter

112 4881 167 4924 mer
182 4867 283 4939 ligures
293 4870 458 4928 resolvitur.
473 4874 502 4928 ei
514 4875 593 4930 enim
605 4875 765 4946 propositio
776 4875 870 4945 prims
882 4882 940 4933 ter·
995 4880 1193 4945 convertatur,
1209 4881 1239 4933 ει
1252 4876 1292 4933 ait
1307 4878 1401 4950 prime
1416 4877 1583 4937 tertiimodi
1600 4881 1693 4937 tertis
1709 4881 1814 4954 figure,

108 4955 143 5012 tii
160 4957 264 5029 prima
279 4959 381 5032 ilgurer
396 4961 488 5028 modi,
503 4967 532 5017 et
546 4963 677 5019 secunda
692 4963 852 5035 propositio
862 4965 939 5023 tertii
994 4981 1135 5022 converse
1150 4964 1368 5038 particulariter
1381 4966 1531 5024 conclusio
1547 4967 1690 5027 nascitur.

108 5045 189 5103 modi
205 5048 298 5104 tertio
314 5048 413 5122 figure
441 5052 569 5117 menaet,
586 5054 615 5107 ει
633 5053 764 5108 secunda
777 5054 939 5126 propositio

340 5137 557 5194 omnebonum
572 5140 725 5197 virtusest
849 5186 875 5238 x
1022 5148 1177 5214 Quondam
1193 5148 1304 5206 bonum
1316 5150 1434 5221 justum
1449 5154 1506 5208 cst.

338 5225 489 5292 Qucddem
501 5228 619 5300 lustum
634 5229 745 5290 bonum
760 5239 806 5292 est
1021 5241 1112 5295 Omna
1127 5240 1239 5296 bonum
1252 5239 1345 5297 virtus
1359 5245 1414 5298 est.

341 5313 492 5379 Quoddnm
503 5316 619 5387 justum
634 5319 727 5379 virtus
742 5328 797 5393 est,
813 5339 898 5382 verse
912 5325 1017 5399 partic.
1031 5325 1169 5390 Quadam
1184 5329 1369 5401 virtusjuata
1385 5334 1441 5387 est.

109 5398 354 5478 Quartusmcdns
365 5405 562 5477 tertieilgurs
573 5407 729 5467 intertium
742 5416 862 5471 modum
872 5417 933 5488 pri·
987 5415 1152 5474 ticclnriter
1174 5425 1393 5487 convertantur,
1421 5421 1530 5478 ecdem
1545 5420 1757 5484 conclusiones
1770 5441 1815 5484 ne·

108 5504 164 5545 maa
179 5489 280 5562 ligure
295 5491 450 5550 resolvitur
466 5511 473 5552 ε
491 5497 516 5552 si
532 5499 610 5553 anim
625 5502 817 5575 utrorumque
833 5506 933 5576 prime
987 5510 1121 5563 scuntur.

108 5581 932 5668 menoneproposiucnes,etaecunceperticutercsper
