3892 6126
106 198 177 256 iiiii

719 194 757 253 rit
776 193 910 252 LIBRUM
929 188 1183 256 admirareris

107 336 264 397 tendantur,
288 336 341 389 hac
367 352 431 390 rara
461 338 658 389 abstractorum
692 336 843 388 imitatione
873 335 932 385 siue
946 323 975 392 Α
989 324 1181 392 cipiturqusm
1198 330 1241 382 rel
1255 331 1380 385 rationaii
1394 332 1605 399 opinione,iuic
1619 334 1752 399 opinabili
1769 350 1811 387 ra-

107 413 183 460 motu
201 410 409 461 essedicuntnr.
440 410 501 461 Non
534 410 606 461 enlin
634 414 738 461 tantuin
767 407 846 459 sicuti
861 411 932 468 sunt,

107 492 204 529 verum
219 481 299 530 etiam
314 480 391 531 aliter
405 494 484 545 quani
508 480 570 545 siut,
586 495 628 530 res
657 481 754 545 aliquis
779 492 850 543 soepa
873 491 933 529 vere

110 551 310 614 concipiuntur.
338 553 450 615 Propter
478 552 644 616 quodetiam
670 553 934 615 ipsaeuiuiispecu·

108 619 173 672 latio
200 621 341 683 dividitur,
365 627 392 674 et
420 624 461 674 vel
490 639 521 675 ex
548 624 590 674 bis
617 639 678 689 quaa
705 624 825 687 inspicit,
843 622 885 672 rel
901 634 933 670 ea

109 693 192 744 modo
206 693 368 758 inspiciendi
396 698 610 761 cognominatur.
640 698 705 746 (ium
734 695 806 745 enim
834 694 934 754 natira,

109 765 180 815 sicut
211 769 284 828 sunt,
313 766 339 816 id
368 772 410 819 est
436 773 562 819 concreta
592 772 619 819 ct
646 768 819 823 inabstracta,
845 764 935 814 consi·

110 833 198 897 derat,
224 850 257 887 eii
300 851 350 889 sua
393 836 502 903 quidem
547 841 657 903 propria
698 841 840 903 potestate,
881 846 936 897 qus

109 904 230 958 humano
258 907 350 961 animo
378 912 468 961 datum
515 915 556 962 est
603 925 635 961 ex
681 923 808 961 sensuum
855 910 935 970 etque

111 978 335 1043 imaginationum
363 982 551 1045 preeuntibus
585 980 757 1032 adminiculis
794 979 845 1030 reri
874 989 936 1027 sen·

112 1049 393 1115 silis.ratiodicitur;
420 1055 466 1105 sed
495 1069 528 1106 ea
556 1054 599 1105 his
627 1067 687 1118 ques
706 1053 871 1115 considerat,
887 1062 936 1097 na·

111 1118 175 1171 tisis
200 1121 305 1174 scilicet
332 1125 503 1177 inabstraetis
530 1131 557 1177 et
583 1130 687 1176 motuni
704 1122 876 1179 habentibus,
892 1133 937 1168 na·

111 1193 216 1254 turelis,
234 1198 262 1245 et
288 1195 317 1247 iu
346 1202 421 1249 motu
451 1203 479 1249 st
515 1196 677 1249 inabstracta
706 1192 936 1259 cognominatur:

112 1266 138 1313 et
152 1266 225 1328 qnod
240 1280 272 1318 ex
300 1267 350 1319 hac
373 1283 455 1321 causa
470 1270 505 1320 ait
525 1270 582 1320 haec
602 1267 778 1333 nuncupatio,
794 1264 936 1314 manifeste

112 1336 290 1401 demonstrat,
317 1340 439 1393 dicens:
480 1340 638 1391 Consideret
677 1340 748 1389 enini
791 1346 937 1398 corporum

114 1405 223 1467 larinas,
237 1408 265 1461 id
280 1413 443 1477 mitigares,
459 1416 487 1463 et
500 1411 656 1478 hujusmodi
671 1410 748 1470 alias,
776 1422 831 1458 non
856 1405 937 1486 niodo

114 1477 143 1527 in
158 1484 270 1533 materia
298 1485 341 1535 cui
367 1485 469 1541 insunt.
486 1486 532 1535 sed
561 1488 588 1533 et
616 1497 676 1534 cuni
705 1480 818 1531 materia
845 1492 888 1527 cui
909 1477 936 1526 iii

114 1550 162 1601 iila
188 1553 296 1609 adsunt.
326 1560 406 1619 atque
436 1570 469 1606 ex
499 1557 551 1607 hoo
576 1554 780 1605 subsistentium
816 1550 937 1601 oinuiuiii

115 1624 254 1676 concretio
282 1626 389 1679 dicitur.
431 1628 536 1679 Creatlo
577 1640 694 1691 namque
735 1622 937 1675 subsistentiam

990 397 1072 455 tione,
1088 413 1148 462 quia
1164 414 1219 451 aon
1236 417 1341 469 semper
1356 412 1383 457 et
1396 406 1425 456 ln
1439 408 1515 456 motu
1530 408 1608 463 snut.
1637 403 1750 456 sensilia
1763 410 1812 459 aci·

988 466 1060 529 licet,
1090 472 1190 536 percipi
1216 482 1353 540 possunt:
1380 476 1422 528 sel
1463 476 1627 543 disciplinati
1659 478 1811 531 eorumdem

988 538 1081 592 iorniai
1097 544 1275 605 inabstractas,
1290 548 1405 614 ideoque
1432 550 1460 600 iu
1489 553 1577 610 motu,
1606 550 1754 613 separatim
1777 556 1813 603 at·

988 624 1040 675 qus
1056 613 1202 667 sinemotu
1218 621 1321 683 possint
1348 621 1459 673 attendi.
1488 620 1531 671 Ab
1558 618 1648 685 ipsiu!
1673 622 1813 673 autemid

989 697 1049 747 qnos
1063 686 1211 751 percipitur
1225 696 1331 752 natura,
1355 692 1527 757 theologiea3
1554 696 1583 743 et
1604 706 1620 741 a
1645 692 1814 757 proprietate.

989 756 1046 805 sine
1059 761 1144 816 motu.
1160 758 1291 813 abstracta
1305 768 1386 829 atque
1412 762 1573 829 separabilia
1599 765 1815 827 cognominatur.

988 827 1070 879 ilecto
1086 832 1187 895 utique.
1203 836 1269 886 Nam
1299 836 1346 887 Dei
1374 834 1535 895 substantia,
1552 834 1579 885 id
1609 838 1655 885 est
1681 834 1757 886 Deua
1779 837 1817 887 rei

989 898 1127 960 divinitas,
1146 908 1172 953 et
1187 905 1301 958 materia
1315 912 1388 959 caret
1411 912 1437 959 et
1460 910 1547 971 motu,
1563 906 1591 957 id
1615 909 1672 963 est.
1688 919 1741 957 nec
1754 907 1818 958 Dens

990 984 1040 1022 nec
1055 971 1113 1036 ejus
1128 976 1245 1027 essentia
1271 982 1361 1042 potest
1392 993 1450 1030 essa
1481 978 1605 1030 materia.
1639 976 1741 1043 Neque
1753 976 1817 1029 eriri

991 1055 1089 1106 enqua
1114 1045 1171 1109 ipsa
1199 1050 1239 1098 est
1263 1051 1390 1115 essentia,
1418 1065 1478 1116 quse
1500 1051 1595 1101 (iresca
1615 1045 1817 1107 ohciedicitnr.

991 1115 1151 1174 potestesse
1168 1130 1223 1169 non
1238 1121 1362 1187 simplex,
1378 1136 1466 1188 neque
1491 1121 1518 1173 in
1539 1134 1572 1171 eo
1587 1120 1686 1171 eidem
1701 1120 1818 1171 easeuhai

991 1183 1173 1237 adesseoliud
1190 1190 1292 1255 aliquid
1320 1198 1409 1257 potest
1437 1207 1491 1258 quo
1518 1193 1579 1257 ipse
1608 1190 1659 1241 sii·
1681 1190 1819 1243 Nonrrim

992 1254 1063 1306 liene
1078 1258 1190 1324 simplex
1204 1267 1283 1322 esset,
1300 1266 1321 1315 si
1337 1266 1379 1317 vel
1403 1265 1464 1332 ejus
1485 1264 1604 1317 essentia
1634 1268 1775 1315 constaret
1791 1278 1818 1315 er

992 1328 1083 1378 niultis
1105 1334 1238 1394 essentiis,
1262 1336 1304 1386 sel
1329 1336 1414 1387 eidem
1442 1337 1537 1387 termis
1562 1335 1700 1386 adessent
1721 1336 1749 1385 iu
1770 1334 1818 1394 5¹¹⁰·

993 1412 1107 1461 queruni
1122 1402 1165 1452 vel
1181 1402 1238 1467 ipse
1257 1405 1329 1457 Deus
1356 1421 1418 1459 vere
1446 1413 1525 1470 esset,
1557 1408 1601 1458 vsi
1624 1406 1691 1473 ejus
1713 1408 1819 1457 mutia

993 1468 1099 1521 ratione
1114 1472 1248 1526 diceretur
1262 1479 1391 1543 subjectos
1410 1482 1552 1530 materiae:
1577 1483 1606 1530 et
1634 1478 1699 1529 haec
1720 1479 1818 1541 quiden

993 1544 1042 1618 est.
1060 1557 1092 1591 ci
1108 1558 1199 1596 reram
1213 1562 1273 1613 qam
1289 1550 1476 1615 percipiuntur
1501 1550 1682 1611 diversitate,
1708 1550 1820 1615 apecula·

993 1616 1098 1662 tionum
1114 1616 1266 1670 diversitas.
1283 1622 1411 1681 Quemvis
1433 1622 1516 1689 igitur
1542 1636 1640 1674 rerum
1664 1620 1819 1687 speculatiu-

113 1692 290 1755 inesseiacit.
307 1703 337 1749 ut
366 1699 392 1749 id
422 1701 465 1749 cui
490 1702 571 1762 inest,
597 1700 632 1749 ab
655 1711 688 1748 sa
699 1694 801 1761 aliquid
815 1693 857 1743 sit.
872 1682 1074 1763 Con-Bulbus
1091 1688 1276 1751 subjectarum
1307 1694 1404 1760 aliqum
1431 1696 1487 1746 sint
1513 1696 1642 1746 rationes
1661 1707 1818 1759 communes,

995 1754 1126 1816 plurimae
1153 1769 1242 1811 temen
1271 1764 1394 1829 proprias
1421 1778 1479 1817 asae
1508 1778 1625 1817 necesse
1657 1769 1709 1816 eat.
1723 1764 1761 1814 Aa
1778 1776 1819 1829 per

995 1826 1277 1896 hociunoturalibus,
1306 1851 1367 1901 quie
1394 1838 1465 1889 sicut
1486 1842 1550 1889 sunt
1579 1838 1694 1905 percipi
1721 1836 1816 1895 debat.

115 1766 198 1816 cretio
229 1781 294 1819 sero
320 1770 408 1821 eidem
436 1770 618 1822 subsistentiae
648 1772 759 1818 naturas
782 1761 939 1843 posterioria

116 1835 230 1888 rationis
244 1842 439 1899 accommodat,
456 1847 485 1894 ut
499 1842 525 1892 id
540 1843 583 1893 cui
599 1854 660 1891 cuni
675 1839 719 1890 iila
747 1838 849 1893 ineunt,
873 1846 938 1915 sini·

117 1904 178 1967 piei
192 1922 247 1959 non
262 1913 305 1961 ait.
322 1911 386 1971 Quas
402 1912 531 1976 quoniam
546 1925 673 1963 essenon
691 1911 812 1973 possunt.
828 1906 880 1984 nisi
903 1914 939 1952 sic

116 1976 326 2034 subsistentibus
341 1983 434 2047 insint,
450 1991 480 2036 ut
507 1983 663 2035 eorumdem
690 1979 871 2031 subsistentiis
892 1974 940 2024 ad·

117 2045 182 2108 sint,
209 2049 382 2105 inabstractas
405 2055 541 2106 dicuntur.
570 2052 646 2105 Unda
674 2050 733 2101 ait:
762 2049 825 2109 Quas
853 2050 940 2111 poste·

119 2116 199 2170 rioris
213 2122 327 2175 rationis
341 2127 434 2178 turmas
449 2141 465 2177 a
479 2125 638 2191 corporibus
652 2136 706 2173 non
733 2122 846 2185 possunt
860 2130 941 2181 sepa·

118 2190 181 2249 reri,
210 2206 265 2245 nou
296 2196 459 2260 disciplinali
489 2197 604 2253 ratione,
631 2195 679 2245 sed
707 2197 777 2247 actu.
793 2192 820 2241 id
846 2193 895 2246 est,
912 2190 941 2236 ut

118 2262 192 2322 quod
212 2269 276 2316 sunt
304 2268 369 2318 dum
393 2272 529 2319 concretes
554 2270 627 2324 siant,
652 2265 787 2316 retineant
801 2263 940 2325 separatus.

116 2331 155 2382 Ex
191 2335 285 2387 eadem
318 2340 490 2390 concretione
534 2338 667 2401 contingit
712 2347 855 2398 corporum
888 2345 942 2381 mo·

118 2407 170 2466 tus,
186 2420 246 2457 euni
275 2410 378 2461 scilieet
404 2416 545 2462 concretas
572 2408 732 2460 vicissitudo
753 2406 941 2457 decedentium

117 2477 374 2546 succedentiumque
388 2487 546 2534 commutat.
574 2481 639 2540 Ouia
667 2481 738 2531 enlin
766 2476 940 2529 concretione

117 2559 173 2597 iion
186 2551 316 2615 simplicia
333 2558 405 2617 sunt,
419 2555 546 2606 videlicet
559 2568 681 2618 corpore,
696 2555 724 2603 in
752 2555 827 2601 motu
855 2553 940 2602 aunt:

116 2621 345 2687 utrariiigretia,
368 2627 397 2676 in
424 2632 498 2677 motu
528 2627 575 2691 qui
602 2630 642 2675 est
667 2624 815 2674 secundani
844 2622 940 2677 locum,

116 2698 237 2757 apparet,
255 2710 316 2745 cuin
328 2698 538 2761 ponderositatis
568 2712 623 2748 suae
645 2696 817 2761 proprietate,
829 2697 856 2743 et
870 2696 942 2742 terra

118 2762 354 2831 deorsumiertur,
370 2767 482 2833 elignis
509 2783 624 2827 sursum,
654 2767 788 2831 habetque
817 2768 940 2823 moium;

119 2837 233 2887 nouilia
253 2852 314 2902 quas
342 2846 384 2892 est
410 2840 614 2892 subsistentium
646 2854 713 2897 esse,
743 2838 815 2887 unde
845 2850 941 2886 unum-

119 2908 246 2973 quodque
262 2926 355 2963 eorum
373 2913 475 2977 aliquid
506 2918 548 2964 est
570 2914 656 2976 prinis
679 2911 801 2967 materia,
817 2909 863 2959 sed
880 2921 941 2972 quae

117 2977 155 3029 iili
187 2984 306 3034 materiai
335 2984 362 3034 iii
393 2985 495 3036 eisdem
525 2983 732 3034 subsistentibus
768 2979 939 3031 concretione

995 1899 1097 1952 scilicet
1125 1910 1252 1956 concreta
1279 1912 1306 1957 et
1333 1906 1505 1965 inabstracta,
1534 1909 1685 1974 oportebit
1711 1905 1816 1973 philoso-

995 1968 1198 2033 phumverssri
1215 1976 1435 2031 rationabiliter:
1463 1984 1492 2030 ut
1521 1980 1632 2031 scilicet
1662 1980 1751 2043 posito
1776 1990 1816 2028 ns·

996 2040 1080 2103 mine,
1096 2059 1149 2109 quo
1164 2052 1191 2097 et
1203 2047 1231 2098 id
1248 2050 1321 2114 qnod
1338 2054 1378 2100 est
1407 2055 1434 2102 et
1459 2049 1485 2102 id
1514 2065 1571 2117 quo
1593 2054 1641 2101 eat
1656 2050 1814 2117 significatur.

996 2126 1027 2162 es
1042 2114 1067 2163 vi
1083 2117 1183 2167 mentis
1198 2133 1252 2184 qna
1265 2125 1391 2173 concreta
1405 2123 1457 2173 reri
1484 2122 1601 2181 debent.
1619 2122 1765 2187 diligenter
1781 2124 1814 2170 at·

995 2186 1088 2236 tendet
1105 2188 1168 2252 quid
1185 2193 1424 2256 propriesibi,sei
1451 2193 1524 2260 quod
1555 2199 1609 2253 est,
1640 2196 1685 2245 rel
1712 2196 1812 2259 quofli.

996 2260 1176 2308 concretionis
1204 2264 1338 2314 consortio
1366 2265 1464 2330 exigat,
1491 2266 1519 2315 et
1560 2266 1632 2329 quid
1671 2269 1813 2315 cetam!

997 2328 1212 2391 speculationum
1241 2334 1306 2385 locis
1338 2336 1528 2387 coinmunicet.
1556 2335 1589 2387 in
1631 2334 1813 2388 mathematicis

998 2412 1063 2449 vero
1078 2402 1123 2451 ulii
1137 2404 1303 2457 inabstracta
1316 2406 1395 2458 aliter
1408 2420 1489 2473 quain
1513 2408 1578 2467 sint,
1607 2408 1636 2458 id
1660 2416 1703 2459 eat
1723 2406 1813 2457 abitra-

995 2472 1058 2520 ctim
1075 2475 1262 2536 attenduntur,
1283 2479 1419 2543 oportebit
1444 2491 1506 2529 eum
1535 2479 1647 2530 versari
1673 2476 1813 2541 disciplina·

996 2543 1094 2601 uiliter.
1111 2549 1141 2594 ut
1155 2546 1258 2598 scilicet
1271 2564 1331 2600 cum
1348 2564 1378 2600 ee
1393 2563 1453 2614 qnia
1468 2549 1521 2601 uisi
1545 2550 1762 2603 subsistentibus
1779 2548 1813 2597 in·

996 2615 1496 2687 sinl‚oiuninonihilsuntaepnratim
1524 2623 1559 2674 ab
1589 2625 1635 2673 eis
1663 2636 1726 2674 enni
1748 2634 1813 2685 cefe-

995 2687 1076 2737 riut:
1105 2690 1141 2738 sic
1165 2704 1258 2741 eorum
1287 2692 1395 2757 propria
1414 2694 1446 2743 ad
1473 2694 1654 2758 disciplinam
1678 2694 1811 2744 taciendam

996 2756 1126 2815 attendat,
1143 2764 1170 2809 ut
1191 2775 1346 2812 communes
1366 2762 1417 2813 sibi
1440 2777 1501 2814 cnm
1527 2764 1642 2815 casteria
1665 2764 1814 2829 speculatio·

996 2828 1077 2877 nibus
1091 2832 1211 2882 rationes
1242 2835 1274 2883 ad
1304 2835 1364 2897 ipsa
1385 2832 1496 2885 mininie
1515 2836 1677 2887 contrabat.
1701 2838 1730 2886 in
1751 2840 1813 2884 natu·

995 2899 1097 2950 ratibus
1122 2903 1194 2952 enini
1223 2903 1322 2956 dicitur
1345 2906 1426 2957 homo
1450 2909 1557 2973 species
1580 2906 1707 2973 generis.
1735 2906 1760 2957 id
1782 2908 1814 2955 cat

996 2970 1122 3023 animalis
1151 2978 1198 3024 aut
1225 2978 1354 3040 corporis.
1381 2977 1413 3027 in
1442 2978 1650 3031 mathematicis
1685 2992 1747 3029 sero
1770 2988 1813 3027 non

119 3049 260 3103 estiorma
277 3055 504 3120 conjunctaalia
524 3069 588 3106 sero
609 3054 764 3119 speculatio,
790 3066 850 3115 qam
874 3044 1112 3125 nati-caeneus,
1144 3047 1191 3097 sed
1220 3046 1422 3099 individuarum
1449 3054 1557 3102 tantum
1596 3049 1707 3117 species
1734 3048 1815 3126 dicitnr

119 3133 216 3175 vorum
230 3126 410 3178 inabstractas
440 3128 539 3177 iornise
564 3127 641 3177 aliter
671 3138 750 3189 quam
781 3125 843 3180 siut,
858 3122 883 3171 id
904 3128 945 3171 est
996 3114 1086 3166 homo.
1101 3117 1219 3182 ideoque
1237 3117 1368 3169 naturalis
1383 3122 1564 3173 concretionis
1581 3124 1751 3189 proprietate
1763 3120 1815 3169 diu·

119 3193 275 3247 abstractim
305 3198 467 3261 considerat,
495 3212 528 3249 ex
549 3198 601 3248 flua
617 3195 750 3261 quoiilud
767 3192 945 3253 lacit‚Grtece
996 3192 1040 3238 tur
1056 3191 1189 3253 genusde
1212 3192 1302 3255 specie
1316 3192 1466 3256 predicari.
1481 3192 1689 3247 Mathematicse
1709 3190 1815 3245 vernali·

118 3268 226 3328 quidem
243 3272 435 3344 μαθηματικὴ,
448 3273 542 3322 Lutiiie
557 3286 621 3322 sero
633 3269 809 3334 disciplinalis
823 3273 942 3319 vocatur.

117 3336 200 3389 Recta
220 3340 324 3406 utique.
354 3343 421 3393 Cum
451 3345 522 3394 enim
552 3341 606 3394 sint
629 3342 807 3396 inabstracta.
837 3340 864 3389 id
894 3344 942 3401 cst,

117 3409 246 3461 cumnisi
273 3414 300 3462 in
329 3415 500 3466 concretione
530 3429 585 3465 non
612 3416 675 3475 siut,
693 3412 757 3477 quid
787 3418 876 3461 isiaca
905 3410 943 3461 ibi

117 3478 434 3549 sintoportetinteliigi:
482 3499 569 3548 neque
597 3486 667 3535 enim
695 3483 944 3545 rationaiisipecu-

116 3550 180 3601 latio
195 3552 312 3616 perlecta
327 3555 353 3604 id
369 3555 442 3619 quod
456 3560 497 3605 est
511 3570 570 3605 esse
585 3555 685 3619 aliquid
708 3555 779 3619 capit
794 3569 801 3613 3
823 3551 941 3615 discipli·

118 3621 190 3673 nelis
205 3638 312 3689 quoqne
326 3627 353 3675 id
370 3627 441 3677 uude
453 3627 519 3678 illud
548 3630 589 3677 est
618 3628 682 3691 quid
709 3629 744 3677 sit
766 3624 877 3675 firmiter
902 3630 940 3675 te·

117 3699 188 3751 nent.
204 3697 280 3747 serbi
294 3700 387 3762 gratie.
403 3712 459 3749 non
485 3698 628 3763 propendit
656 3701 723 3749 ratio
745 3696 810 3762 quid
834 3696 869 3746 ait
883 3710 941 3746 esse

118 3778 225 3829 corpus,
254 3771 280 3818 et
307 3783 365 3820 esse
393 3772 542 3822 coloratum
569 3776 595 3823 ct
623 3786 680 3822 esse
706 3769 863 3828 iatuui,nisi
891 3768 942 3817 dis·

120 3836 222 3900 cipiina
236 3839 301 3903 quid
329 3842 363 3891 sit
391 3841 572 3906 corporalitas.
593 3843 656 3907 quid
686 3842 769 3897 color.
792 3840 856 3904 quid
885 3840 942 3889 lali·

122 3909 189 3959 tudo
215 3918 368 3976 cognoscat.
399 3916 475 3975 Quod
504 3916 559 3967 fleri
597 3930 651 3967 non
678 3919 776 3979 potest,
805 3916 855 3964 nisi
883 3914 940 3964 baec

996 3261 1150 3311 structionis
1166 3264 1329 3326 proprietate
1345 3277 1400 3314 non
1413 3277 1510 3329 genus,
1526 3266 1574 3315 sed
1601 3266 1715 3331 generis
1735 3274 1814 3327 ecurt·

995 3331 1027 3381 dc
1044 3346 1075 3381 ea
1089 3347 1215 3397 quianon
1230 3336 1348 3399 generis,
1363 3337 1410 3386 sed
1424 3334 1636 3389 individuorum
1651 3339 1757 3388 tautum
1768 3346 1814 3397 spe

996 3402 1050 3453 cies
1064 3408 1114 3466 est,
1129 3419 1192 3455 vere
1205 3410 1232 3457 et
1245 3412 1441 3471 consequenter
1452 3406 1602 3471 predicari
1612 3406 1778 3459 conceditur.
1790 3404 1813 3453 ia

995 3472 1096 3523 divinis
1116 3489 1234 3541 quaqua.
1265 3491 1326 3542 quae
1358 3491 1413 3528 non
1439 3478 1521 3529 modo
1545 3478 1706 3545 disciplina,
1735 3489 1812 3527 reru!

995 3544 1075 3595 etiam
1094 3548 1195 3609 reipsa
1213 3548 1347 3598 abstracta
1371 3552 1444 3608 sunt,
1466 3550 1698 3602 intellectualiter
1725 3546 1811 3599 rentii

994 3616 1138 3679 oportebit,
1157 3617 1184 3668 id
1209 3622 1258 3679 est,
1283 3634 1316 3669 ex
1340 3621 1456 3685 propriis
1479 3622 1639 3673 rationibus
1663 3620 1812 3683 theologas

995 3700 1053 3736 rum
1070 3687 1115 3739 ilia
1127 3688 1278 3753 concipere,
1294 3694 1320 3740 et
1336 3703 1390 3741 non
1404 3704 1436 3741 ex
1447 3689 1810 3745 naturaiitercoucretorais

997 3764 1043 3809 ant
1054 3758 1257 3823 disciplinaliter
1268 3762 1462 3813 abstracturum
1479 3762 1703 3828 proprietatibus
1719 3760 1812 3829 judica·

993 3843 1031 3879 ra.
1045 3830 1119 3889 Quod
1134 3835 1222 3882 nutam
1238 3834 1289 3884 boc
1303 3834 1340 3883 ita
1354 3833 1416 3883 velit
1429 3834 1553 3899 intelllgi,
1570 3834 1675 3901 aperit,
1690 3848 1749 3887 cuin
1762 3832 1812 3883 aab·

989 3900 1104 3965 jungit:
1120 3901 1212 3967 Neque
1227 3904 1362 3967 oportebit
1376 3903 1466 3955 diduci
1482 3904 1516 3955 ad
1531 3904 1630 3969 aliqua
1644 3911 1742 3963 creata.
1760 3914 1810 3966 qr·

118 3979 283 4034 inabstracta
298 3988 377 4048 atque
392 3994 526 4051 concreta,
549 3993 576 4039 et
603 3991 637 4039 ali
663 4003 695 4038 eo
710 3988 737 4035 iu
757 3999 810 4049 quo
825 3990 898 4045 sunt,
913 3988 941 4036 et
993 3986 1054 4023 itit
1069 3973 1240 4057 existeptiuni
1256 3981 1318 4059 ⁸¹.¹¹¹²
1332 3975 1546 4059 imiiifflififfli‘h
1563 3978 1615 4029 Μ
1631 3978 1724 4061 Ρθῑῑξῑ·
1738 3986 1809 4059 ἸΨ

118 4064 179 4103 Μ
193 4054 308 4106 invicem
323 4058 461 4110 mmm
474 4064 500 4111 οι
514 4060 655 4111 discernat·
673 4060 709 4109 E,
725 4058 776 4109 ΜΟ
790 4072 852 4122 ergo
868 4059 939 4122 quoq
994 4059 1026 4094 ex
1040 4059 1098 4095 suis
1112 4046 1262 4098 rationibus
1276 4060 1406 4113 inspicere
1427 4047 1598 4113 singularem
1621 4063 1655 4101 ac
1677 4046 1809 4113 simplicata

118 4124 309 4189 inseparabilia
321 4130 355 4180 ad
370 4131 422 4182 hoc
437 4136 553 4194 separat,
580 4136 610 4182 ut
637 4144 729 4180 aoruin
756 4133 852 4179 nature
881 4143 939 4193 per·
991 4118 1113 4167 mimim-
1543 4132 1553 4147 ⁹
1622 4195 1629 4207 ,
1784 4190 1790 4199 .

118 4194 185 4257 spici
213 4200 240 4247 et
268 4199 417 4264 proprietas
447 4202 537 4252 valeat
580 4200 780 4266 comprehendi,
811 4201 939 4250 mathesis
1023 4190 1083 4250 0¹⁴⁸
1109 4205 1191 4273 vera·
1206 4190 1272 4255 ata]
1313 4192 1455 4258 finemque
1472 4194 1674 4275 ,1139θῦ189Ψῦ
1705 4194 1810 4273 ’ΜΨ

116 4266 172 4317 eive
187 4267 330 4333 disciplina
353 4277 475 4331 vocatur.
490 4274 655 4324 inabstracta
678 4270 798 4336 quidem.
818 4271 938 4335 eoquod
991 4269 1092 4327 pauci,
1108 4268 1135 4314 01
1147 4263 1246 4328 ‘1⁰th
1260 4278 1320 4329 ‘iuoe
1348 4266 1480 4329 tiltculm
1508 4270 1668 4327 conveniat.
1696 4265 1809 4317 ostendit

116 4337 307 4402 inseparabilia
322 4348 468 4408 suntquis
484 4344 536 4393 nisi
551 4343 696 4408 separatim
726 4357 780 4393 non
802 4343 937 4407 perspicit.
991 4334 1153 4401 N⁰i¹0q¹¹⁰d
1171 4336 1297 4387 Ρῦὶΐῑῡθῑ
1325 4337 1384 4388 Filii
1412 4344 1439 4389 ⁰2
1464 4336 1586 4402 Sitifim·
1611 4340 1809 4415 fflb⁰¹¹¹¹¹¹⁰9⁸

115 4407 179 4458 ilaec
193 4410 266 4461 enim
281 4412 381 4464 lormas
396 4429 540 4479 corporum
567 4416 721 4481 speculatur
742 4416 799 4465 siue
814 4414 935 4472 materia,
951 4426 975 4493 ὓ
993 4406 1028 4457 rii
1042 4407 1185 4471 rintulttit
1200 4411 1227 4457 θῑ
1240 4408 1352 4473 timim
1370 4409 1498 4473 ‘millib
1512 4422 1569 4475 <11¹⁸
1597 4410 1657 4461 ⁸⁰¹²
1681 4420 1810 4473 ”mmm

116 4480 247 4532 nondico
276 4487 431 4547 speculatur
452 4501 511 4537 ωε
539 4487 598 4539 aino
625 4487 747 4549 materia,
777 4488 835 4537 „ine
863 4489 936 4535 motu
991 4492 1043 4541 que
1059 4479 1167 4528 illorum
1183 4478 1264 4529 estid
1280 4479 1417 4543 quodest,
1432 4480 1588 4545 theologica
1617 4485 1698 4533 utens
1727 4492 1808 4545 specu·

117 4555 217 4602 tamen.
231 4553 258 4603 si
274 4556 347 4607 enim
363 4558 499 4610 concretio
524 4560 567 4609 bis
594 4574 655 4624 quie
682 4565 746 4610 sunt
766 4557 870 4609 conlert
884 4571 937 4607 mo·

116 4625 184 4681 tuni.
201 4629 330 4679 convenit
344 4634 374 4681 ut
387 4633 520 4694 separatio
535 4631 577 4681 iiis
595 4646 627 4681 ex
655 4633 753 4696 quibus
777 4635 840 4681 sunt
862 4631 937 4681 toiint

117 4698 220 4746 motum
236 4709 312 4749 :non
342 4704 431 4753 tamen
457 4703 530 4767 quod
556 4704 696 4754 motabilis
723 4707 831 4753 careant
852 4705 936 4761 motu,

118 4765 188 4816 sicut
201 4767 368 4823 inabstracta
379 4786 434 4823 non
449 4778 563 4838 possunt
577 4775 704 4832 abstrahi.
719 4775 766 4825 ead
787 4773 868 4836 quod,
884 4774 937 4823 sie·

119 4841 148 4889 ut
161 4838 261 4891 dictam
276 4848 325 4903 oet,
341 4845 470 4897 mathesis
499 4861 530 4898 ea
558 4849 616 4898 siiio
639 4848 750 4897 matoria
775 4848 936 4911 speculatur,

118 4922 149 4959 nc
163 4924 212 4974 per
234 4913 286 4964 boo
309 4917 465 4980 speculatur
486 4919 545 4969 sinc
569 4924 652 4969 motu.
674 4918 723 4969 Ilei
745 4921 844 4969 etenim
862 4923 937 4968 aetus

116 4980 219 5034 iormas
236 5000 344 5050 semper
360 4988 481 5040 continet
503 4991 688 5041 inabstractas.
708 4990 786 5041 Unde
798 4989 936 5055 supponit,

116 5056 361 5119 qussiormeicnm
390 5062 416 5110 iii
447 5062 560 5112 materia
586 5062 690 5119 sint,id
714 5066 755 5112 eet
778 5063 804 5111 iu
821 5064 937 5126 corpori-

114 5126 175 5183 bus.
192 5128 226 5177 nb
240 5128 282 5179 his
305 5130 464 5194 corporibus
492 5132 611 5197 separari
634 5147 689 5183 non
713 5137 835 5196 possunt.
859 5134 936 5183 ideo-

113 5211 167 5262 que
181 5201 252 5263 quod
270 5201 460 5252 mathematica
475 5203 623 5266 speculatio
647 5204 752 5262 dieitur,
774 5205 937 5255 inabstracta

114 5270 300 5325 abacturei:
330 5274 402 5336 quod
432 5288 496 5324 vero
525 5275 583 5326 sine
611 5281 722 5331 iiioiu.a
741 5277 820 5327 modo
844 5292 938 5340 specu·

115 5340 188 5390 laudi
203 5345 387 5409 metonymica
401 5345 586 5397 denominatio
605 5354 652 5398 est.
675 5347 765 5398 Tertia
789 5362 852 5397 rcro
877 5362 937 5412 ape·

115 5412 226 5474 cuiatio,
258 5428 319 5478 quae
344 5416 438 5466 omnia
467 5420 559 5469 natira
592 5421 795 5476 transcendens.
822 5420 849 5469 in
878 5420 937 5483 ipso

114 5496 208 5534 eorum
238 5486 360 5550 quotibet
390 5489 530 5553 principio,
557 5492 658 5543 scilicet
685 5494 727 5543 sel
757 5491 861 5555 opines.
884 5505 937 5555 quo

116 5560 327 5619 auctoresunt;
354 5561 397 5609 rel
425 5561 525 5620 ideae
554 5578 607 5627 qua
634 5568 762 5628 tanquam
791 5563 938 5627 exemplari

117 5624 232 5678 deducta
250 5634 315 5678 sunt
331 5646 338 5689 ;
353 5630 396 5679 vai
410 5628 475 5701 tle,
490 5632 519 5683 in
543 5649 596 5698 qua
624 5636 710 5687 locuta
736 5634 880 5698 stratigio
900 5635 938 5683 iu·

118 5696 228 5761 tultum,
244 5703 492 5764 perexcellentium
507 5706 696 5757 intellectualis
720 5712 840 5757 uocatur.
861 5706 938 5766 Quod

119 5766 191 5825 enim
206 5770 322 5839 simplex
352 5772 410 5825 sine
437 5778 513 5826 motu
539 5781 565 5828 et
579 5791 683 5844 semper
697 5782 747 5842 est,
771 5778 860 5830 serius
875 5791 939 5843 per·

992 4549 1104 4611 tatione,
1132 4550 1321 4604 demonstrat:
1351 4555 1381 4601 ut
1408 4565 1457 4616 per
1477 4551 1530 4603 hoc
1550 4550 1752 4617 catholici‚qui
1771 4548 1807 4598 di·

992 4626 1066 4682 cunt,
1082 4624 1158 4671 Pater
1172 4626 1212 4671 est
1226 4621 1306 4679 Deus,
1336 4622 1418 4673 Filius
1445 4628 1486 4674 eat
1513 4622 1598 4684 Deua,
1620 4624 1736 4689 Spiritus
1752 4632 1804 4671 aau-

992 4700 1051 4745 ctus
1064 4697 1104 4745 est
1119 4695 1198 4757 Deus,
1214 4694 1319 4746 atinde
1334 4696 1477 4748 inierunt:
1505 4698 1593 4763 igitur
1620 4696 1710 4755 Pater,
1723 4699 1749 4747 at
1770 4694 1804 4743 iii'·

991 4766 1052 4830 lius,
1068 4771 1095 4818 ct
1109 4768 1224 4832 Spiritus
1240 4772 1348 4820 sanctus
1362 4773 1426 4820 sunt
1440 4783 1510 4821 uuus
1525 4772 1609 4831 Deua,
1625 4784 1682 4823 non
1697 4776 1748 4822 trca
1761 4766 1802 4820 liii,

992 4844 1062 4890 recte
1080 4840 1228 4892 secundnm
1242 4843 1377 4907 propriam
1393 4857 1486 4894 eorum
1511 4842 1544 4893 dc
1577 4844 1680 4905 quibua
1705 4845 1802 4907 loquun-

992 4915 1034 4963 tur
1048 4915 1179 4964 rationem
1193 4913 1293 4965 interra
1324 4916 1516 4980 intelligentur.
1539 4916 1636 4978 Quasi,
1662 4920 1691 4970 in
1719 4914 1801 4967 drusii

991 4985 1125 5049 oportebit
1158 4987 1241 5050 ipsam
1269 4987 1485 5039 'intellectualiter
1514 4990 1654 5055 inspicare
1695 4990 1799 5041 iorniaiu.

991 5072 1052 5123 quui
1081 5073 1142 5110 vcra
1170 5057 1257 5110 lorma
1285 5065 1334 5112 est.
1361 5062 1399 5113 dc
1423 5062 1553 5117 sidIcet:
1568 5064 1656 5116 Multa
1673 5069 1735 5117 sunt
1751 5071 1800 5127 quit

991 5133 1123 5181 vocantur
1138 5131 1240 5192 lorinus,
1258 5137 1288 5182 ut
1301 5146 1443 5197 corporum
1458 5133 1562 5199 figurae,
1580 5141 1611 5189 et
1628 5136 1681 5188 alia
1704 5148 1760 5201 que
1777 5132 1799 5179 ir

991 5204 1200 5255 subsistentibus
1212 5206 1349 5257 creatione
1374 5220 1420 5256 seu
1448 5207 1627 5261 concretione
1653 5208 1730 5265 liunt.
1754 5205 1799 5271 qui·

991 5275 1044 5325 bus
1059 5276 1085 5325 id
1101 5276 1145 5325 cui
1173 5275 1277 5336 insunt,
1302 5282 1349 5327 aut
1377 5276 1478 5343 aliquid
1501 5282 1555 5337 cst,
1577 5285 1628 5332 ant
1646 5280 1800 5345 aliquidem

992 5350 1121 5399 doctrinis
1136 5350 1231 5400 ordina
1258 5350 1478 5413 demonstratum
1508 5352 1556 5403 aad
1588 5353 1649 5405 brec
1666 5354 1800 5415 omniapa

993 5437 1021 5471 ae
1034 5421 1134 5471 hubent
1149 5436 1197 5472 sua
1213 5437 1243 5473 ea
1275 5423 1374 5487 quibua
1395 5422 1486 5488 eliqua
1513 5424 1623 5478 ratione
1637 5427 1798 5479 deducantur.

994 5496 1040 5543 sut
1055 5492 1087 5542 nd
1112 5492 1158 5542 iila
1186 5497 1310 5557 spectant
1331 5493 1472 5559 principle,
1497 5496 1616 5562 ideoque
1638 5502 1756 5551 mutuata
1771 5491 1798 5543 th

992 5564 1054 5621 aiio.
1068 5566 1269 5628 nuncupatione
1283 5564 1373 5628 potius
1388 5579 1470 5630 quam
1485 5568 1604 5621 rationis
1625 5570 1742 5631 veritate,
1753 5565 1798 5617 ier·

992 5652 1043 5689 iiius
1067 5638 1251 5687 noiuinantnr.
1276 5638 1399 5689 Essentia
1421 5652 1486 5689 sero
1511 5652 1576 5705 quse
1590 5642 1796 5707 principiumert

992 5707 1085 5759 ouinia
1097 5713 1187 5759 cacata
1201 5710 1337 5773 praecedit,
1351 5708 1407 5761 iilis
1428 5710 1559 5763 ouinihua
1587 5721 1619 5768 ut
1643 5730 1701 5767 esae
1720 5712 1797 5763 dicam

992 5778 1217 5846 turimpertiens,
1232 5783 1259 5832 et
1287 5794 1302 5833 a
1329 5780 1404 5835 nullo
1430 5781 1486 5836 aiio
1514 5786 1546 5839 ait
1573 5784 1634 5855 ipsa
1647 5786 1795 5839 aitsunient
