3892 6126
117 253 169 309 731
754 249 812 302 AN.
833 248 944 303 MANL
964 248 1044 304 ERV.
1064 249 1185 304 bourn
1765 244 1818 301 m

118 377 267 435 infinitum
281 377 345 431 ire?
361 374 513 429 utiterum
531 371 554 426 ai
572 371 606 426 de
621 369 766 440 equidem
780 367 851 425 nibil
868 385 941 439 pra.-
956 371 982 437 Α
998 371 1075 441 qued
1092 370 1190 442 ipsum
1203 371 1322 443 quidem
1338 371 1367 426 in
1382 371 1439 426 alio
1454 368 1535 427 nullo
1564 372 1620 439 est,
1634 369 1688 425 sed
1715 368 1747 425 in
1768 367 1817 426 illa

118 469 233 524 dicatur
248 484 296 536 per
312 481 353 525 εε,
372 481 386 517 n
404 468 502 516 auten]
521 461 580 530 ins
603 464 648 514 est
676 459 780 527 primo,
811 458 939 513 medium
996 459 1074 514 aliud
1092 466 1123 515 ut
1139 476 1162 527 c)
1178 462 1413 532 nequeaprimo
1428 461 1458 516 in
1474 460 1625 516 ultimum.
1640 460 1815 516 Dicoautam

119 566 215 616 autern
229 558 257 610 in
275 554 354 609 nullo
371 551 471 624 priori,
489 556 542 619 etl
560 549 589 604 in
604 567 634 615 α,
651 554 679 604 ει
695 549 748 604 hec
766 549 794 603 in
811 549 836 613 tr,
865 565 940 603 nun·
996 550 1216 621 primumquod
1234 551 1331 622 ipsum
1348 551 1468 623 quidem
1485 551 1520 605 de
1541 549 1609 618 alio,
1634 549 1687 605 sed
1709 550 1747 604 de
1769 548 1816 607 illo

118 650 187 720 quid
204 652 231 700 et
247 645 300 699 hoc
316 650 393 697 stare
410 656 527 694 necesse
543 638 608 693 ost?
625 655 661 692 an
676 643 703 692 et
722 637 770 692 bic
799 636 942 707 contingit
995 639 1109 694 nultum
1124 640 1204 695 atiud
1219 640 1346 696 dicitur:
1367 640 1392 697 ei
1410 640 1501 712 igitur
1518 640 1578 695 bec
1606 643 1707 707 erunt,
1727 640 1816 694 maui-

115 730 393 791 1nintinitumabire
407 724 703 784 ‘illittertautemhec
715 743 731 781 a
743 724 830 797 priori
843 725 939 779 intan-

115 820 338 892 tum‚quoniam
350 818 529 889 hecquidem
539 821 584 871 εει
595 813 941 886 nunquid,contingitiu·

116 916 270 982 capturum
282 910 317 964 ad
328 905 583 978 hujusmodiquod
596 905 624 959 in
633 903 715 960 nullo
725 909 770 959 εει
778 903 938 971 attero,sad

117 1001 195 1055 alind
209 1001 236 1053 in
250 998 310 1062 ille,
322 998 350 1052 in
362 1012 480 1051 anrsurn
493 996 522 1049 in
535 994 684 1048 infinitum
710 992 801 1060 abire,
813 992 937 1046 alterum

115 1081 941 1158 auternincoepturumabbuJ'usmodiquodipsumquidem

114 1181 151 1233 de
163 1178 229 1243 alio,
242 1178 276 1231 de
288 1177 338 1232 ille
350 1180 448 1230 autam
466 1171 539 1228 nihil
555 1172 735 1243 praedicatur,
755 1172 783 1225 in
800 1171 937 1226 deorsum

115 1268 326 1330 intendentem,
343 1264 368 1319 ai
379 1262 562 1333 contingitin
575 1261 722 1316 inlinitum
735 1260 787 1315 ire.
802 1259 938 1330 Amplius

115 1357 211 1411 inedia
226 1353 361 1426 nunquid
378 1349 723 1417 eontinptttnnnttaeaae
735 1349 938 1404 determinatis

115 1443 275 1500 terminis?
289 1444 359 1500 Dico
375 1445 473 1497 autem
490 1446 522 1494 ut
532 1440 556 1494 si
567 1456 584 1494 a
595 1439 623 1493 in
634 1437 705 1505 cait,
718 1437 846 1493 medium
859 1437 938 1508 ipao·

113 1552 176 1589 rann
190 1534 227 1589 sit
238 1534 263 1602 ι,
276 1533 312 1587 ab
324 1532 330 1584 i
336 1548 386 1603 pao
398 1535 496 1585 autem
510 1529 535 1592 b,
547 1532 575 1584 ει
585 1528 647 1583 aba
658 1526 758 1595 altera,
771 1528 821 1582 sed
833 1526 938 1582 herum

114 1624 181 1690 alin,
200 1622 332 1693 nunquid
349 1625 377 1675 et
394 1621 452 1674 baee
467 1618 496 1672 in
513 1617 662 1673 inlinitum
678 1616 938 1689 contingitabire?

994 727 1102 784 testum
1114 730 1190 801 quod
1201 734 1230 786 et
1239 728 1269 783 in
1282 730 1434 800 negatione
1445 729 1582 784 stabitur.
1593 728 1640 784 Tri
1646 727 1762 800 pliciter
1771 744 1816 783 au·

993 823 1052 873 tam
1067 824 1247 875 rrronstratur
1269 837 1324 875 non
1337 835 1413 885 esse,
1425 823 1475 873 aut
1485 817 1562 874 enim
1577 819 1605 872 iu
1619 832 1681 888 quo
1699 817 1814 888 quidem

992 913 1069 973 este,
1086 909 1100 964 b
1114 907 1191 964 inest
1207 909 1298 975 omni,
1310 910 1361 965 aed
1379 909 1407 963 in
1431 913 1544 980 quaest
1566 905 1683 974 bnulli,
1699 906 1814 974 inesto,

992 997 1088 1067 ipsum
1105 997 1195 1068 igitur
1213 999 1265 1064 bc,
1281 1003 1309 1053 et
1324 1013 1440 1069 semper
1467 997 1591 1053 alterum
1619 995 1754 1068 spatium
1769 1012 1813 1052 aa·

993 1101 1072 1141 cesae
1089 1094 1133 1141 εει
1150 1089 1190 1141 ire
1205 1086 1235 1141 in
1252 1087 1432 1153 immediata,
1451 1085 1673 1158 praedicativum
1683 1085 1764 1140 enim
1777 1089 1815 1140 eat

992 1172 1047 1229 hoc
1061 1176 1201 1246 spatium.
1217 1175 1273 1231 Sed
1289 1175 1412 1231 alterum
1431 1174 1621 1230 manifestum
1633 1178 1691 1241 εει,
1704 1174 1812 1245 quodsi

993 1261 1023 1318 in
1037 1261 1095 1318 alio
1112 1269 1226 1319 nonest
1242 1263 1342 1335 priori,
1354 1269 1387 1319 ut
1398 1263 1426 1318 in
1437 1263 1465 1332 d,
1477 1261 1531 1318 bec
1540 1262 1687 1335 indigebit
1699 1263 1729 1318 in
1740 1262 1812 1318 enini

994 1352 1008 1407 b
1024 1369 1099 1416 esse,
1116 1358 1144 1407 et
1159 1352 1183 1407 ai
1198 1353 1305 1408 iterum
1317 1371 1334 1408 a
1345 1352 1374 1407 in
1386 1351 1442 1408 alio
1455 1352 1550 1423 priore
1561 1350 1748 1423 quamdnon
1762 1354 1812 1407 lue·

993 1442 1043 1508 rit,
1061 1441 1131 1497 illud
1149 1442 1291 1513 indigebit
1306 1442 1335 1497 in
1351 1441 1552 1498 amnidesse:
1567 1456 1662 1512 quare
1677 1442 1811 1513 quonian

994 1529 1023 1585 in
1039 1531 1176 1587 deorsum
1192 1536 1260 1601 stat,
1276 1532 1332 1599 via,
1349 1536 1378 1586 et
1393 1547 1458 1603 qua
1472 1529 1501 1585 in
1526 1545 1649 1585 sursum
1673 1529 1777 1598 stabit,
1790 1533 1812 1584 at

993 1620 1171 1692 aritatiquid
1190 1621 1219 1675 in
1241 1637 1299 1692 que
1330 1620 1425 1692 primo
1447 1636 1505 1675 non
1534 1620 1590 1674 erit
1617 1636 1647 1675 a.
1679 1617 1811 1674 ltemait

113 1731 149 1768 an
164 1711 335 1782 impossible
351 1710 419 1765 eet‘t
433 1713 478 1764 est
500 1714 599 1763 autem
624 1708 679 1764 bne
700 1707 818 1778 quidem
841 1707 936 1762 inten·
951 1734 975 1800 Β
993 1710 1114 1780 quidem
1131 1711 1161 1764 in
1177 1710 1257 1766 omni
1272 1727 1302 1776 a,
1318 1711 1378 1764 ine
1401 1714 1499 1765 autern
1524 1708 1614 1775 nullo,
1631 1726 1649 1763 a
1663 1709 1694 1764 in
1709 1725 1726 1764 ε
1740 1706 1812 1763 nullo

111 1802 178 1856 dore
196 1801 272 1855 idem
288 1804 316 1856 ει
332 1801 356 1853 ai
374 1798 642 1853 demonstrationes
657 1796 687 1851 in
712 1794 862 1851 inlinitum
885 1811 935 1852 ve·
990 1799 1054 1855 erit.
1072 1798 1178 1854 lterum
1195 1799 1251 1855 boc
1267 1801 1291 1854 si
1305 1803 1420 1870 oportet
1434 1801 1610 1864 monstrare,
1627 1796 1810 1854 manifestum

111 1891 208 1956 niunt,
223 1894 250 1944 et
265 1888 290 1944 si
306 1894 352 1944 εει
362 1887 575 1942 demonstratio
591 1885 687 1941 omnia
703 1886 757 1953 rei,
768 1902 804 1940 an
814 1886 849 1940 ad
861 1883 935 1939 inui-
990 1892 1044 1951 εει,
1056 1888 1133 1958 qued
1145 1893 1195 1943 aut
1206 1905 1257 1960 per
1267 1889 1448 1959 superiorem
1461 1890 1715 1944 modumsursum
1726 1902 1813 1942 mona·

111 1996 172 2034 corn
190 1978 417 2034 concludantur.
429 1975 571 2031 Similiter
580 1982 678 2030 autern
690 1973 754 2029 dico
765 1980 793 2030 et
803 1973 833 2028 in
845 1974 937 2045 priva·
989 1976 1125 2043 trabitur,
1136 1982 1186 2032 aut
1198 1994 1249 2048 per
1259 1977 1347 2043 bunc,
1360 1983 1411 2033 aut
1422 1978 1555 2033 tertium.
1566 1976 1688 2032 Primus
1700 1978 1811 2047 quidem

113 2068 178 2124 liris
195 2066 375 2139 syllogismis
390 2070 419 2121 et
433 2064 694 2137 propositionibus.
725 2069 757 2118 ut
784 2062 808 2118 si
836 2080 854 2118 u
879 2079 936 2118 non
989 2065 1080 2136 igitur
1095 2066 1193 2122 dietus
1208 2073 1263 2134 εει,
1275 2068 1424 2123 secundus
1439 2073 1537 2123 autem
1549 2067 1810 2123 demonstrabitur.

111 2151 937 2224 inestbnultiautprim0,autestaliquidmedium,aui
989 2155 1151 2210 Sicautem
1182 2157 1284 2228 utique
1312 2157 1538 2222 monstrabitur,
1567 2160 1599 2212 ut
1626 2154 1809 2227 quoddiut

111 2245 200 2317 priori
226 2261 282 2299 non
308 2243 425 2308 inesto,
442 2248 474 2298 ut
490 2242 513 2297 si
530 2241 568 2298 ait
583 2259 600 2309 p
616 2241 693 2313 quod
721 2240 802 2295 omni
818 2240 832 2294 b
848 2241 936 2311 inest,
989 2245 1069 2300 omni
1085 2250 1140 2313 est,
1157 2245 1327 2301 incautam
1351 2244 1445 2313 nullo,
1460 2247 1485 2301 at
1506 2260 1626 2302 necasse
1641 2251 1688 2301 εει
1703 2244 1810 2317 aliquid

109 2341 139 2389 et
154 2335 259 2388 iterum
272 2332 326 2388 boc
343 2331 499 2387 nouetianr
512 2330 562 2385 alii
575 2330 674 2402 priori,
688 2334 720 2385 ut
735 2329 758 2384 si
775 2328 935 2400 bcstqued
988 2350 1052 2390 esse
1066 2334 1097 2388 in
1113 2335 1138 2403 tr,
1155 2341 1184 2389 et
1199 2334 1305 2389 iterum
1320 2335 1344 2390 si
1361 2335 1415 2391 boc
1431 2335 1460 2390 in
1475 2350 1490 2389 ε
1505 2351 1562 2390 non
1573 2334 1640 2399 erit,
1649 2334 1732 2390 aliud
1749 2349 1810 2389 vero

109 2422 147 2477 sit
164 2423 192 2476 in
209 2421 290 2477 omni
305 2420 330 2485 h,
348 2424 374 2475 et
392 2434 518 2489 numqua
533 2418 562 2472 in
580 2417 627 2473 his
643 2421 694 2472 aut
712 2415 830 2471 infinita
854 2421 935 2481 suut,
988 2422 1279 2493 indeatquodina
1299 2429 1430 2491 nonest,
1459 2424 1548 2493 igitur
1576 2422 1722 2494 quoniam
1748 2438 1807 2478 asae

110 2511 139 2565 itt
157 2511 265 2583 qulbus
281 2526 339 2566 non
354 2513 399 2565 obl
417 2509 445 2563 ln
463 2507 619 2579 primibus·
634 2512 685 2561 aut
700 2511 806 2563 statur.
823 2506 878 2561 Sed
893 2507 935 2561 in·
989 2527 1105 2582 semper
1121 2512 1263 2582 superiori
1279 2516 1348 2579 stat,
1365 2512 1455 2568 stabit
1469 2518 1498 2567 at
1512 2528 1570 2567 nen
1594 2527 1672 2568 esee.
1699 2511 1812 2568 Tertius

111 2600 353 2657 etinvertibrtibus
367 2615 423 2654 nen
436 2596 574 2653 similiter
586 2611 617 2652 sa
629 2595 788 2662 habet,n0n
801 2594 879 2650 enim
891 2598 936 2651 εει
989 2605 1087 2656 autern
1104 2601 1210 2657 modus
1224 2606 1281 2671 est,
1296 2600 1322 2658 ei
1337 2618 1357 2656 a
1372 2602 1387 2656 b
1403 2602 1482 2657 omui
1498 2600 1680 2667 incitavere
1693 2601 1723 2657 in
1735 2599 1812 2657 nullo

110 2689 139 2745 in
156 2706 238 2760 arque
259 2687 496 2759 praedicabilibus
511 2687 547 2741 de.
563 2702 619 2756 quo
636 2685 730 2756 prime
746 2682 935 2755 praedicatur,
988 2690 1003 2745 b
1020 2690 1069 2757 sit,
1086 2704 1144 2744 non
1161 2691 1189 2745 in
1216 2690 1295 2745 omni
1324 2706 1349 2759 a,
1365 2690 1395 2746 in
1410 2707 1468 2762 que
1484 2697 1530 2747 εει
1542 2706 1571 2745 α.
1586 2693 1700 2747 lterum
1716 2694 1809 2746 autem

108 2784 159 2834 tul
176 2778 291 2842 ultimo.
309 2777 409 2832 Omnia
423 2775 502 2830 essim
518 2775 553 2829 ad
569 2790 668 2829 Offlssta
684 2773 726 2827 ³50
751 2771 889 2827 simililer
903 2787 933 2827 ὅθ
987 2779 1042 2834 hoc
1053 2778 1246 2850 persuperius
1257 2779 1334 2835 dieta
1345 2779 1538 2835 autsimiliter
1548 2779 1811 2836 demonstrabitur.

111 2869 230 2934 hibeni·
242 2867 303 2923 Silo
319 2870 388 2921 bussi
403 2863 516 2920 infinita
531 2864 566 2918 de
591 2861 655 2934 ipSO
682 2860 848 2932 praedlcssltb
874 2860 934 2915 sive
989 2867 1051 2923 Illis
1067 2867 1157 2939 igitur
1173 2867 1268 2922 modis
1283 2874 1389 2923 statur.
1399 2868 1429 2923 Si
1444 2884 1509 2924 vere
1524 2868 1566 2923 sic
1578 2872 1634 2934 eat,
1645 2868 1755 2924 iterum
1768 2883 1812 2924 aa·

112 2963 237 3027 utreque
253 2961 323 3011 suut
335 2955 469 3010 dubitata
495 2952 621 3016 inlinita,
640 2949 695 3005 nisi
711 2948 848 3005 similiter
862 2965 933 3004 con·
987 2955 1114 3025 eipietur
1129 2955 1144 3009 b
1159 2954 1188 3009 in
1204 2971 1219 3010 ε
1234 2971 1309 3023 εεεε,
1325 2956 1354 3011 in
1372 2972 1429 3026 quo
1444 2972 1458 3012 c
1473 2972 1530 3012 non
1547 2955 1577 3010 in
1591 2956 1673 3011 omni
1685 2961 1750 3023 e,et
1761 2955 1813 3010 boc

110 3047 182 3101 uerti
211 3046 373 3115 contingat,
394 3044 445 3099 sed
470 3042 524 3098 boc
549 3041 669 3113 quidem
685 3039 763 3095 sicut
784 3039 931 3105 accidens,
990 3044 1096 3098 iterum
1113 3042 1260 3099 similiter.
1277 3045 1419 3109 Quoniam
1449 3050 1547 3101 autem
1563 3045 1755 3116 suppositum
1771 3049 1813 3101 εει

110 3135 182 3190 illud
198 3151 264 3191 vero
281 3135 358 3190 sicut
373 3133 574 3205 praedicatum.
989 3138 1067 3188 stare
1080 3137 1109 3187 et
1123 3132 1152 3185 in
1173 3132 1325 3201 deorsum,
1341 3134 1532 3189 manifestum
1558 3138 1604 3188 est
1628 3134 1710 3205 quod
1726 3134 1813 3189 stabit

429 3237 544 3294 qqpuq
565 3235 635 3291 xvh
988 3225 1017 3278 ει
1032 3221 1109 3292 qued
1127 3219 1156 3275 in
1167 3237 1182 3275 ε
1194 3237 1253 3275 nen
1269 3227 1324 3278 εει.
1338 3221 1526 3278 Manifestum
1541 3225 1639 3277 autern
1669 3226 1717 3278 εει
1740 3238 1812 3294 quo·

165 3328 356 3383 pepp-mrum
370 3329 510 3393 mrem,
525 3341 633 3379 ,ummo
648 3327 768 3396 imoque,
782 3324 882 3379 media
990 3311 1068 3366 niani
1081 3314 1110 3365 et
1122 3309 1147 3365 si
1161 3326 1218 3365 nun
1230 3327 1288 3365 una
1298 3310 1344 3365 uia
1356 3311 1599 3377 monstretur,sed
1610 3310 1813 3377 omnibus,ali·

388 3415 444 3453 noo
458 3414 514 3452 erse
530 3395 652 3466 inplicita.
988 3399 1107 3471 quando
1123 3399 1242 3469 quidem
1255 3416 1289 3453 ex
1301 3400 1397 3471 prima
1408 3400 1512 3469 ligura,
1523 3398 1686 3470 aliquando
1697 3417 1766 3457 vero
1780 3416 1812 3456 ex

144 3488 286 3554 Quoniam
295 3486 386 3557 igitur
395 3487 493 3541 madia
504 3502 560 3540 non
573 3483 716 3549 contingit
731 3483 846 3539 infinita
858 3499 933 3549 csse,
989 3488 1130 3556 secunda,
1143 3496 1192 3541 aut
1204 3503 1238 3542 ex
1249 3487 1344 3556 tertia,
1357 3489 1496 3559 quoniam
1507 3493 1535 3543 ει
1546 3489 1588 3543 εἰε
1599 3488 1740 3557 stabitur,
1749 3489 1812 3545 fiai·

109 3572 935 3644 eiinaursumetdeersumsteutpraedicata‚manifestum
989 3576 1811 3650 taeauimsuutvia.Fiuitaauterutinitesumptopluriea,

110 3675 164 3723 εει.
183 3669 248 3722 Dice
265 3671 361 3722 autem
389 3681 507 3720 sursum
534 3663 664 3734 quidem,
680 3663 754 3730 qued
772 3661 935 3717 universale
989 3681 1110 3721 necesse
1125 3669 1169 3720 εει
1183 3664 1261 3719 finiri
1275 3666 1383 3720 omnia.
1395 3666 1605 3737 Quodquidem
1618 3665 1747 3738 igiturin
1758 3667 1812 3739 pri·

111 3757 205 3826 nangis
221 3757 421 3817 est,‹teersum
438 3756 549 3816 autem,
564 3755 641 3822 quod
654 3750 831 3820 particulare
841 3755 894 3805 εει.
903 3749 934 3806 Si
988 3755 1105 3810 vatione
1115 3753 1141 3807 si
1157 3753 1276 3824 quidem
1288 3758 1317 3809 et
1325 3754 1421 3810 inesse
1432 3754 1542 3822 stetim,
1555 3755 1748 3812 manifestum
1760 3761 1811 3812 εει.

110 3845 213 3899 oriirun
230 3842 402 3914 praedicante
419 3843 453 3897 de
463 3858 487 3908 ε,
499 3840 614 3895 inlinita
630 3844 699 3894 sunt
710 3839 816 3904 madia,
829 3840 857 3893 iu
870 3839 934 3908 qui·
1282 3858 1404 3916 GApUq·
1418 3860 1517 3916 xvffl·

112 3934 167 3987 bus
183 3936 226 3987 εει
242 3931 267 3999 ι),
286 3931 532 3985 ῐεεειιεειυωεει
547 3927 625 3998 qued
642 3925 790 3997 continget
805 3927 933 3997 utrique,
988 3949 1189 4019 Propospionp,
1203 3947 1398 4022 amimam
1412 3950 1550 4016 mediam,
1565 3949 1660 4006 mia
1674 3967 1732 4007 mm
1759 3965 1813 4007 m,

111 4018 266 4077 utabuin
292 4019 430 4073 deorsum
456 4016 580 4072 alterum
611 4015 646 4069 de
671 4013 762 4069 altero
791 4014 935 4085 contingit
1336 4020 1459 4090 infinita.

112 4109 261 4181 praedicari
285 4107 315 4164 in
328 4108 489 4174 infinitum,
502 4108 661 4177 antequam
673 4103 752 4158 enim
763 4102 792 4156 in
802 4119 817 4157 ε
826 4105 934 4167 veniat,
1023 4108 1076 4163 Sed
1085 4108 1191 4178 quidin
1200 4107 1258 4163 illia
1269 4109 1319 4179 qui
1332 4109 1551 4183 quidemtogice
1561 4111 1813 4180 speculantur-‚sie

110 4201 228 4255 infinita
243 4196 429 4254 srrntmedia.
445 4199 474 4250 ει
488 4194 524 4250 ab
539 4209 554 4249 e
569 4192 598 4247 in
613 4207 731 4248 sursum
744 4191 870 4259 intinita,
886 4210 936 4247 an·
990 4198 1180 4253 manifestum
1197 4199 1239 4251 tit.
1252 4197 1283 4252 ln
1296 4198 1332 4253 iis
1344 4199 1461 4269 quidem
1475 4201 1565 4271 igitur
1575 4216 1638 4272 qun
1650 4202 1771 4272 quidem
1782 4200 1810 4256 iu

110 4296 230 4361 tnqnnnr
244 4288 274 4342 in
284 4304 303 4342 a
318 4286 526 4349 veniat.0uarc
537 4281 561 4336 si
574 4281 635 4336 baee
648 4280 843 4351 impossibilia
854 4288 934 4352 sarit,
988 4303 1022 4342 eo
1034 4287 1112 4358 quod
1121 4287 1190 4356 quid
1202 4293 1248 4341 εει
1257 4287 1659 4357 ρεεάιεεειιιε,ιεεείιεειεῐε
1668 4293 1716 4345 εει
1726 4289 1813 4355 ςείεει

109 4385 138 4433 ει
151 4378 269 4448 ipsiuao
283 4381 312 4429 ει
326 4392 340 4429 ε
353 4371 536 4445 impossibile
547 4386 613 4426 aesc
629 4369 734 4425 media.
746 4369 844 4440 Neque.
855 4371 934 4426 enim
989 4375 1067 4431 enim
1077 4376 1269 4445 delinire,aut
1283 4374 1308 4431 ei
1326 4381 1426 4431 notum
1443 4382 1488 4432 εει
1504 4377 1582 4447 quod
1598 4377 1649 4449 qui
1667 4383 1811 4443 arctasse,

110 4468 133 4522 si
144 4466 252 4536 aliquia
265 4464 343 4519 dicet
353 4464 432 4535 quod
449 4463 508 4517 baec
519 4459 638 4530 quidem
651 4475 714 4530 qua
729 4476 747 4514 u
764 4458 779 4512 b
794 4474 808 4514 ε
821 4461 933 4515 contin·
949 4462 972 4527 D
988 4463 1104 4519 infinita
1114 4471 1212 4519 autem
1224 4481 1283 4520 non
1294 4469 1339 4531 εει
1350 4467 1487 4534 transire,
1504 4482 1623 4521 necesse
1634 4473 1681 4522 eat
1692 4467 1769 4523 liniri
1784 4468 1811 4521 in

110 4556 210 4628 gentio
225 4558 296 4610 sunt
311 4554 344 4608 ad
362 4552 498 4612 invicem.
512 4556 545 4604 ut
562 4555 590 4604 et
607 4564 663 4603 nou
681 4547 740 4603 sint
755 4549 864 4614 media,
882 4548 933 4605 illa
986 4570 1020 4609 eo
1031 4553 1108 4625 quod
1121 4553 1191 4623 quid
1208 4559 1253 4608 εει
1263 4554 1430 4625 predicata.
1441 4554 1650 4611 Universnliter
1661 4561 1761 4613 autem
1772 4556 1811 4612 sic

110 4660 250 4699 veronen
267 4657 331 4696 εεεε
357 4641 466 4712 accipe,
492 4637 564 4695 nibil
594 4637 702 4692 differt.
732 4638 931 4710 Quodcunque
987 4642 1181 4708 dicimus,est
1199 4643 1276 4697 enim
1289 4658 1356 4698 vere
1377 4644 1474 4699 dicere
1489 4643 1590 4699 album
1606 4645 1770 4711 ambulare,
1786 4648 1813 4699 ει

111 4734 189 4790 enirn
208 4731 319 4802 accipio
334 4746 433 4785 eorum
449 4746 512 4801 qun
529 4731 598 4783 sunt
614 4727 640 4796 b,
656 4730 745 4780 eruut
760 4726 795 4779 ab
810 4742 838 4791 o,
854 4732 933 4783 autc
989 4730 1824 4807 magnumtundtinnnnesseetiterumlignunmagnum

111 4821 228 4877 intinita
244 4818 349 4875 media.
365 4820 407 4874 An
427 4834 482 4873 uon
499 4834 516 4873 a
531 4833 590 4889 qun
600 4815 663 4884 jam
679 4812 774 4883 prima
789 4813 850 4867 aiat
865 4816 933 4869 inti·

113 4913 174 4966 nita
189 4911 249 4965 sive
264 4911 377 4976 statim,
390 4909 449 4962 eive
461 4924 518 4961 nnn
530 4906 642 4970 statim,
656 4899 728 4955 nihil
738 4899 857 4956 dillert‘i
869 4919 933 4975 quae

111 5000 188 5056 enim
205 5003 275 5054 sunt
290 5002 356 5071 post
370 4996 442 5062 haec,
459 4993 576 5049 infinita
590 4994 670 5047 sunt.

414 5101 527 5160 CAPUT
541 5096 631 5155 xvtt.

113 5195 312 5266 t’rnpositieuia
326 5191 460 5264 trapetioae
487 5189 607 5244 mediate
627 5184 726 5251 media,
743 5185 841 5257 quibus
855 5203 934 5244 reuo-

208 5272 284 5321 cetur
295 5267 334 5320 nd
349 5266 557 5327 iinmediatam,
573 5274 629 5314 non
642 5272 700 5313 ease
715 5260 838 5328 infinita.

151 5355 336 5410 ltunilestum
353 5354 494 5409 autumet
514 5348 543 5403 in
561 5347 673 5418 privata
686 5348 934 5406 demonstratione

112 5444 247 5510 qnoniam
264 5449 369 5508 statur,
387 5440 412 5495 εἰ
425 5438 544 5511 quidem
559 5435 589 5490 in
600 5434 890 5507 pradicationemtur
903 5438 934 5494 in

114 5531 258 5601 utrisque.
274 5530 319 5587 Sit
328 5530 406 5585 enim
415 5543 473 5583 neu
484 5524 658 5597 contingens
670 5540 764 5597 neque
775 5525 803 5580 in
815 5542 934 5584 sursum

114 5622 149 5674 ab
160 5620 263 5675 uttirno
275 5620 303 5674 in
314 5615 463 5673 infinitum
476 5614 517 5670 ire
529 5613 605 5686 (dieo
614 5617 712 5669 autern
724 5613 752 5669 in
765 5630 820 5686 que
830 5618 933 5683 statur,

989 4835 1064 4890 ease,
1080 4825 1109 4875 et
1126 4819 1275 4876 borninem
1292 4821 1454 4885 ambulare,
1466 4823 1518 4879 aad
1531 4820 1654 4879 alteram
1666 4830 1712 4879 eat
1722 4825 1764 4880 sie
1774 4824 1812 4879 di·

989 4923 1066 4973 cere,
1078 4906 1189 4962 antillo
1204 4910 1376 4976 modc,cum
1388 4909 1464 4964 enirn
1491 4909 1591 4965 album
1614 4911 1735 4982 quidem
1752 4929 1814 4969 esse

989 4996 1054 5050 dico
1067 4995 1145 5066 quod
1159 4996 1206 5052 cui
1218 4997 1324 5074 accidit
1343 4995 1441 5053 album
1456 5014 1531 5066 esse,
1546 4997 1660 5070 lignum
1690 5007 1746 5070 εει,
1762 5002 1810 5058 sed

989 5101 1046 5140 non
1064 5085 1141 5156 quod
1158 5086 1325 5157 subjectum
1342 5087 1437 5158 signo,
1454 5087 1555 5143 album
1571 5089 1621 5157 sit,
1642 5095 1673 5145 ει
1688 5107 1813 5163 namque

990 5190 1085 5245 neque
1098 5176 1175 5245 quod
1192 5175 1293 5231 album
1309 5181 1363 5241 εει,
1381 5193 1475 5248 nequa
1491 5178 1568 5249 quod
1581 5177 1701 5249 quidem
1714 5181 1812 5236 album

990 5260 1106 5332 aliquod
1123 5267 1177 5329 εει,
1189 5264 1297 5320 lactum
1311 5264 1422 5335 liguum
1433 5271 1490 5333 εει,
1502 5282 1592 5336 quare
1606 5284 1663 5323 non
1677 5276 1722 5325 εει
1733 5271 1859 5326 aliter*

990 5367 1078 5424 quum
1090 5353 1813 5427 secundumaccidens.Cumauten1lignumalbum

989 5455 1054 5494 esse
1069 5440 1144 5508 dico,
1157 5457 1214 5496 non
1230 5442 1308 5512 quod
1323 5440 1443 5512 aliquod
1457 5444 1582 5497 alterurn
1598 5442 1763 5517 sitatbunr,
1775 5447 1815 5502 illi

989 5532 1086 5584 autern
1099 5529 1205 5585 accidit
1216 5529 1330 5603 tignum
1342 5547 1418 5598 ease,
1432 5535 1463 5584 ut
1473 5547 1539 5585 cum
1552 5532 1703 5591 musicum
1715 5539 1815 5595 album

990 5633 1055 5673 asse
1070 5617 1145 5688 dico,
1158 5623 1228 5674 tunc
1239 5621 1316 5674 enim
1332 5618 1471 5691 quoniam
1488 5619 1577 5675 home
1591 5625 1638 5676 εει
1660 5624 1759 5696 albus,
1771 5627 1815 5684 eui
