3892 6126
118 194 190 251 1257
654 186 1006 249 arnaaarrrnnanrn
1025 188 1293 253 ιειιιιιιιιτιιιιι.
1742 192 1821 255 ,taes

117 316 583 390 spiritui.nnihomini,oulsimul
610 321 651 370 ast
676 320 704 369 ει
730 316 942 383 corpueetspi·
957 315 1181 384 Anatolentiam
1197 334 1260 371 vero
1289 323 1478 385 comparabat
1506 321 1540 373 ab
1567 319 1654 387 ipsius
1680 322 1720 374 εει
1734 324 1822 388 digni·

116 400 196 459 ritus,
211 393 293 446 simul
308 392 483 444 conveniunt.
498 390 549 441 Sed
571 391 738 442 diversarum
767 402 944 455 personarum
999 391 1062 443 tate,
1078 395 1105 440 et
1119 405 1135 441 a
1149 406 1335 457 euaparsona,
1366 407 1426 442 cum
1457 394 1512 444 sina
1544 396 1697 458 arrogantia
1714 396 1822 448 dicitas

117 464 350 532 diversapropria
379 465 459 514 unius
486 478 545 513 εεεε
570 477 626 514 non
655 469 792 527 possunt:
815 462 945 526 quoniam
996 463 1177 526 sainquibus
1205 464 1250 515 dio
1280 466 1408 529 cogitavit
1438 466 1586 529 scripsisse,
1599 470 1626 516 et
1653 468 1687 516 ab
1715 466 1824 521 illorum

116 552 204 593 nuum
226 536 347 602 aliquod,
373 537 425 586 etsi
453 549 485 585 ex
514 536 682 585 diversorum
711 536 834 599 partibus
861 548 943 597 geno·
996 532 1096 595 quibus
1111 536 1205 585 scribit
1228 550 1431 599 persona,cum
1459 538 1621 601 contemptis
1649 539 1763 601 crateris,
1784 542 1825 593 sui

115 627 188 675 rum,
213 615 241 661 et
268 609 435 660 diversarum
463 609 667 671 proprietatum.
694 620 749 657 non
789 611 880 658 tamen
911 620 944 655 ex
997 606 1078 655 studii
1089 621 1158 670 opus
1172 610 1237 658 dicit
1251 623 1279 659 se
1305 608 1552 659 desiderantissime
1579 608 1700 673 ipsorum
1726 612 1824 665 offerre

116 685 232 737 diversis
244 682 368 747 personis
383 682 516 743 integrum
529 684 643 730 constat.
667 679 761 729 Omnis
790 680 861 729 enim
884 692 945 743 per·
995 677 1160 738 auctoritati,
1176 684 1257 742 atque
1285 680 1319 730 eb
1348 681 1387 729 ais
1412 678 1575 729 sententiam
1594 680 1661 730 velle
1677 681 1823 743 judiciih

117 759 272 808 sonarecta
300 750 459 813 intelligitur
489 764 538 813 per
567 765 595 799 se
623 764 701 801 nna:
732 755 758 801 ει
786 750 814 799 hi
835 750 944 814 quidem
996 754 1038 799 sui
1070 764 1132 814 ergo
1159 752 1261 815 negotii
1288 752 1367 801 laude
1395 751 1538 815 incipiens,
1567 754 1605 803 ait
1631 768 1638 801 :
1676 754 1820 818 investiga·

115 840 215 879 omnes
243 825 277 874 dc
303 821 453 873 divinitatis
476 821 662 885 singularitate
684 825 757 871 recte
788 823 942 878 sentientes,
995 824 1059 877 ιιιιιι,
1081 826 1132 871 ato.
1164 822 1211 871 llic
1238 823 1503 873 commemorandum
1527 827 1568 873 cst
1597 824 1670 887 quod
1700 826 1819 876 ειειιιι-

112 902 195 967 laxta
209 897 376 949 naturalium
391 897 524 945 rationem
552 895 658 957 opinati
686 898 759 951 sunt,
784 907 839 945 non
863 894 944 944 modo
995 892 1114 941 suctione
1141 898 1167 941 et
1197 894 1257 956 eius
1287 892 1498 944 contradictoria
1530 896 1674 957 negatione
1702 896 1816 959 quaestio

115 969 413 1037 quodunuasltlleus
441 966 523 1025 solus,
541 980 633 1016 verum
661 968 741 1017 etiem
770 966 841 1030 quod
871 964 944 1014 eolus
995 965 1182 1013 consutum
1200 970 1289 1013 tamen
1307 966 1395 1014 omnis
1422 964 1601 1015 contradictio
1629 966 1743 1029 quaestio
1765 973 1816 1018 ast.

118 1058 194 1097 ιιιιιιε
208 1042 244 1094 sit
259 1044 338 1092 beris.
360 1039 474 1097 Quidam
493 1053 559 1089 vero
588 1038 632 1088 alii
661 1043 733 1089 recta
762 1038 944 1102 intelligentes
993 1036 1060 1085 Cum
1088 1036 1158 1084 enim
1189 1036 1272 1085 altera
1313 1036 1535 1087 contradictionis
1563 1050 1626 1099 pers
1656 1051 1714 1087 essa
1742 1052 1815 1103 vera,

116 1116 227 1168 Patrem
242 1118 270 1163 ει
284 1111 381 1162 Filium
398 1116 425 1160 et
437 1110 564 1174 Spiritum
587 1116 708 1162 sanctum
741 1110 855 1160 dirersis
879 1122 943 1172 pro·
995 1106 1079 1157 altera
1093 1121 1157 1158 raro
1174 1107 1248 1158 nulla
1264 1122 1375 1171 prorsus
1399 1109 1499 1160 habere
1522 1114 1682 1171 argumenta
1695 1112 1817 1163 veritatis

116 1182 837 1253 piletetibosdiversasnumeroessepersonae,nac
856 1180 942 1230 solum
994 1178 1108 1237 videtur,
1126 1184 1164 1235 nt,
1194 1180 1280 1229 omnis
1304 1179 1384 1229 homo
1411 1183 1452 1230 εει
1480 1194 1704 1244 corporeus,non
1728 1183 1817 1233 omnis

116 1258 227 1309 Patrem
259 1270 317 1306 esse
346 1256 440 1312 Deum,
469 1254 515 1303 sed
546 1258 572 1304 et
598 1254 695 1303 Filium
723 1268 781 1303 esse
805 1253 945 1313 Deum,et
995 1249 1659 1315 homoestcorporeus;itemque,nullusbomo
1683 1256 1817 1320 estlapis,

116 1330 250 1395 Spiritum
279 1329 402 1377 sanctum
432 1339 490 1375 esse
518 1326 624 1376 Deum:
655 1330 744 1375 tamen
769 1325 814 1374 illa
833 1327 944 1373 natura·
994 1322 1422 1385 quidambomoeetlapis3aut
1446 1338 1507 1375 cum
1538 1328 1633 1375 neutra
1664 1340 1726 1389 pars
1745 1330 1818 1378 rcri-

116 1402 187 1453 lium
205 1396 631 1466 propriarationedecepti.qua
656 1396 763 1453 dicitur,
782 1396 854 1459 quod
875 1396 945 1445 sicat
995 1393 1414 1459 tatisetlalaitatieargumenta
1441 1400 1530 1458 potest
1553 1396 1661 1455 habere,
1679 1403 1717 1456 ut,
1745 1404 1818 1452 astra

117 1485 237 1525 numero
258 1469 426 1521 diversorum
456 1470 634 1533 proprietates
662 1468 773 1518 diverse
806 1471 878 1523 sunt,
907 1466 945 1516 ita
994 1468 1242 1532 periasunt,astra
1267 1467 1344 1530 peria
1372 1480 1428 1517 non
1457 1472 1539 1517 sunt:
1556 1471 1621 1517 tunc
1641 1470 1818 1523 contradictio

117 1540 700 1595 etiemeoramdemsubsistentimnumcro
728 1542 792 1589 sunt
821 1539 943 1599 diversae,
994 1538 1429 1602 nonestqnaeeti03cujusvero
1447 1543 1639 1603 utrequepars
1658 1547 1819 1605 argumenta

117 1616 326 1671 dixeruntnon
342 1612 473 1675 ejusdem,
489 1614 536 1661 aed
564 1610 658 1660 similia
685 1608 808 1661 essentias
835 1608 942 1659 Patrem
994 1610 1114 1663 veritatis
1135 1610 1234 1660 habere
1265 1610 1381 1667 videtur,
1408 1612 1521 1675 queastio
1550 1616 1599 1662 est.
1630 1611 1688 1663 Hoc
1728 1618 1818 1665 autem

118 1692 146 1739 ει
159 1686 256 1737 Filium
273 1689 300 1733 et
313 1683 442 1746 Spiritum
458 1686 579 1732 sanctam
600 1696 667 1732 esse.
696 1680 870 1731 Macedoniae
894 1682 1185 1749 au-Btribusmodis
1211 1682 1369 1745 contingere
1400 1686 1497 1745 potest,
1516 1682 1638 1733 videlicet
1661 1688 1707 1735 aut
1725 1686 1820 1749 sophi-

115 1764 176 1809 tam
198 1760 270 1806 recte
298 1754 420 1805 sentiens
448 1754 551 1803 Patrem
581 1756 608 1802 et
636 1753 733 1802 Filium
763 1752 844 1802 unius
871 1753 942 1815 ojus·
997 1756 1063 1807 stica
1092 1754 1279 1812 univocorum,
1322 1754 1533 1817 aequivocorum,
1575 1755 1724 1816 modorum,
1757 1772 1820 1821 pgr.

116 1828 309 1893 demqnaesse
326 1825 484 1875 substantias
512 1824 555 1874 vel
582 1825 759 1881 assentisset
778 1824 943 1873 embosease
997 1828 1074 1883 tium,
1101 1830 1264 1888 temporum,
1292 1829 1373 1888 atque
1414 1825 1576 1876 relationum
1611 1824 1818 1889 multiplicitate,

116 1914 206 1953 unum
223 1900 314 1955 Deum.
330 1896 458 1961 Spiritum
471 1910 536 1946 vero
551 1901 673 1947 sunctum
689 1894 784 1945 dicunt
806 1908 862 1944 110⁰
884 1908 943 1944 sese
998 1903 1045 1950 ant
1058 1896 1153 1947 orandi
1168 1895 1309 1960 qualitate,
1324 1899 1370 1945 aut
1383 1896 1521 1946 rationum
1550 1911 1582 1947 ex
1610 1896 1711 1961 quihus
1731 1913 1820 1950 sermo

116 1974 206 2023 Deum
221 1986 229 2032 3
245 1967 436 2033 sedquoniam
459 1967 575 2031 Spiritus
598 1972 706 2017 sanctus
735 1971 776 2017 eet
805 1967 943 2028 utriusque

116 2044 313 2102 communiter,
340 2043 468 2106 opinatur
495 2041 663 2091 divinitatem
705 2038 847 2104 utriusque
885 2053 944 2089 assa

115 2114 250 2179 Spiritum
274 2117 407 2169 sanctum,
438 2116 465 2162 at
493 2112 592 2161 nullum
627 2111 727 2162 habere
755 2110 943 2161 substantiam.

114 2187 212 2253 Aliqui
226 2200 292 2237 vero
323 2186 361 2235 sic
383 2187 467 2234 Deum
499 2189 625 2235 asserunt
645 2197 702 2234 essa
725 2184 900 2241 conformem,
916 2188 945 2233 ut

114 2260 204 2311 unios
230 2257 344 2307 diversis
371 2254 496 2306 essentiis
522 2259 651 2319 tanquam
680 2254 794 2305 diversis
823 2253 945 2318 partibus

115 2330 272 2395 assignent,
288 2326 336 2379 alii
347 2325 457 2391 quidem
472 2327 544 2390 quod
560 2329 637 2377 Pater
651 2330 700 2385 est,
717 2326 763 2376 alii
788 2339 851 2376 vero
873 2325 944 2389 quod

114 2398 331 2459 Filiusest,elil
348 2398 499 2461 veroquod
527 2397 643 2461 Spiritus
670 2401 779 2447 sauctus
807 2401 856 2458 est,
873 2397 945 2447 idern

114 2474 178 2539 lpse
196 2485 267 2522 unus
281 2476 308 2522 ει
320 2469 417 2521 solus:
447 2474 476 2519 ut
504 2468 708 2533 omnipotentiae
732 2469 844 2527 dedunt,
873 2468 946 2531 quod

115 2546 182 2611 ipss
196 2549 237 2595 est
250 2546 326 2595 Pater
341 2558 348 2593 ε
363 2542 512 2606 sapientiae,
528 2542 601 2607 quod
626 2548 666 2593 εει
693 2543 795 2602 Filius,
822 2542 945 2601 bonitati,

115 2616 195 2683 qaod
211 2619 252 2666 est
268 2612 384 2679 Spiritus
399 2617 509 2663 sanctus
526 2628 533 2663 ε
549 2616 576 2663 ει
589 2614 642 2663 boc
655 2627 762 2677 quoque
786 2626 817 2661 ex
835 2613 882 2662 illa
901 2626 947 2661 no·

116 2686 252 2739 toralium
281 2685 396 2741 ratione,
425 2684 496 2747 qnod
529 2685 609 2733 unius
638 2682 808 2733 subsistentis
833 2682 946 2732 diversis

115 2756 305 2809 subsistentiis
333 2756 440 2805 diversa
467 2755 575 2805 addicta
602 2759 674 2811 sunt,
692 2758 721 2804 ut
750 2755 830 2803 unius
858 2752 945 2804 homi·

115 2832 165 2881 nis
193 2828 385 2893 corporalitati,
414 2827 515 2886 color;
544 2826 724 2884 sensibilitati,
755 2825 873 2889 paesio;
902 2840 946 2875 ra-

114 2898 276 2957 tionalitati,
291 2899 495 2949 discretiozaic
526 2897 609 2962 igitur
636 2900 770 2948 rationum
798 2899 873 2947 extra
888 2911 947 2960 pro·

115 2973 212 3039 prium
227 2985 314 3036 genus
330 2968 509 3021 abusionibus
523 2971 550 3019 in
577 2969 683 3019 diversa
705 2969 840 3033 dogmata,
856 2968 882 3019 id
907 2972 947 3019 eat

998 1970 1149 2031 lltgenere.
1180 1965 1213 2016 ut
1239 1966 1349 2029 quidam
1373 1980 1421 2015 sex
1449 1981 1578 2031 generum
1609 1966 1821 2033 multiplicitates

998 2037 1162 2104 sophisticae,
1178 2042 1235 2088 arte
1255 2042 1282 2088 et
1310 2052 1359 2088 usu
1389 2038 1571 2103 sophistarum
1601 2039 1722 2102 pluribus
1750 2045 1821 2092 nota

999 2116 1071 2161 sunt.
1087 2107 1206 2169 Qualitas
1221 2112 1310 2157 autem
1326 2110 1421 2158 orandi
1447 2108 1490 2158 vel
1516 2110 1545 2158 in
1566 2123 1655 2159 rerum
1670 2114 1750 2173 atque
1765 2112 1822 2162 dic·

999 2185 1102 2235 tionum
1115 2182 1318 2244 consequentia,
1336 2182 1378 2231 vel
1395 2178 1422 2231 iu
1442 2183 1598 2233 earsimdem
1623 2183 1710 2247 tropis
1734 2189 1824 2236 etten-

1000 2255 1073 2305 ditur
1087 2268 1095 2303 ι
1109 2267 1225 2317 quornm
1240 2252 1263 2303 si
1282 2267 1364 2303 unum
1380 2252 1409 2303 in
1425 2254 1604 2307 aillrmationa
1636 2262 1685 2315 ast,
1709 2258 1822 2309 alterum

999 2327 1028 2379 in
1044 2326 1197 2391 negatione,
1214 2329 1604 2390 utroqueverapotestesse:
1634 2334 1673 2388 nt,
1701 2330 1759 2381 dies
1785 2336 1826 2382 est

999 2400 1086 2453 loetua,
1104 2410 1165 2447 vera
1180 2401 1221 2447 est
1236 2401 1313 2460 tropo
1333 2395 1518 2468 μετωνυμίες,
1537 2399 1563 2447 ιιι
1579 2404 1620 2450 εει
1646 2402 1824 2453 conversione

1000 2467 1118 2521 nominis
1147 2467 1206 2531 ejus
1235 2467 1306 2531 quod
1335 2469 1365 2517 llt
1390 2470 1423 2519 ad
1449 2469 1475 2520 id
1493 2470 1747 2534 quodlacit.ltem,
1766 2473 1824 2523 dies

1000 2554 1056 2592 non
1071 2546 1111 2591 eat
1124 2539 1210 2595 laetus,
1226 2553 1289 2589 vera
1306 2544 1354 2596 est,
1371 2541 1470 2604 siquis
1491 2556 1582 2592 rernm
1610 2544 1721 2594 istarum
1747 2549 1825 2595 natu·

1000 2610 1316 2663 ralemconvenientiam
1344 2617 1434 2674 neget.
1463 2613 1634 2663 Diversarum
1663 2627 1727 2665 vero
1745 2630 1825 2679 geue·

1000 2698 1060 2748 runi
1075 2682 1189 2733 diversis
1204 2682 1355 2733 rationibus
1384 2687 1497 2739 utraoua
1526 2684 1648 2735 similiter
1675 2700 1740 2737 vera
1761 2691 1822 2737 ast:

1001 2759 1039 2811 ut,
1054 2754 1126 2818 quod
1140 2767 1222 2816 supra
1236 2752 1362 2813 diximus,
1378 2754 1451 2803 nulla
1466 2754 1570 2818 specics
1592 2758 1625 2807 de
1655 2772 1705 2808 suo
1726 2772 1824 2821 gcnere

1000 2826 1172 2891 praedicatur,
1188 2825 1214 2874 in
1230 2824 1424 2875 diffinitionum
1438 2840 1539 2888 genere
1559 2842 1652 2880 verum
1680 2832 1743 2889 est;
1760 2830 1824 2879 item

1001 2895 1208 2960 omnisspecies
1237 2896 1270 2946 de
1296 2910 1346 2946 suo
1375 2911 1474 2960 genere
1486 2899 1659 2961 praedicatur,
1672 2899 1701 2949 in
1716 2899 1825 2951 divisio·

1001 2983 1067 3019 num
1093 2981 1191 3033 genere
1220 2982 1314 3017 verum
1343 2972 1392 3018 est.
1418 2968 1455 3019 Es
1478 2969 1574 3020 horum
1601 2972 1692 3035 itaque
1720 2971 1825 3023 occulta

115 3042 266 3109 opiniones
280 3040 413 3097 lalsitatis,
428 3042 465 3091 illi
488 3054 556 3105 quos
584 3040 694 3103 exempli
718 3041 804 3103 gratia
828 3052 945 3089 commc-
961 3050 983 3117 (2
1002 3038 1200 3103 multiplicitate
1230 3039 1359 3098 locorum,
1388 3045 1435 3091 aut
1460 3044 1517 3091 arte
1543 3041 1676 3100 deductis,
1693 3047 1740 3093 aut
1761 3057 1825 3093 casu

117 3118 300 3169 morsvtmus,
319 3115 347 3162 at
360 3111 408 3162 alii
426 3111 501 3161 multi
517 3111 618 3161 detrusi
634 3112 721 3169 sant;
751 3114 777 3159 et
802 3109 874 3173 quod
903 3124 946 3174 pc·
1003 3110 1174 3163 venientibus
1202 3114 1377 3175 argumentis,
1408 3112 1523 3176 quaestio
1560 3114 1586 3163 in
1625 3114 1827 3179 ambiguitatem

115 3188 337 3257 jusest,contra
365 3183 525 3233 catholicam
554 3182 587 3231 da
618 3194 731 3231 numero
760 3193 948 3241 personarum,
1001 3184 1154 3241 adducitur,
1170 3182 1286 3246 ideoque
1304 3196 1360 3233 non
1383 3182 1435 3232 nisi
1458 3198 1551 3235 eorum
1573 3199 1632 3249 qiam
1652 3192 1826 3249 adeosper-

78 3286 87 3295 ·
117 3258 198 3313 etde
215 3257 335 3321 ipsarum
364 3254 480 3317 simplici
510 3258 588 3317 atque
616 3252 744 3315 singulari
773 3253 893 3302 cesentio
920 3254 949 3301 li·
1000 3257 1093 3305 tinent
1107 3255 1183 3305 locos
1197 3254 1329 3305 divisione
1357 3255 1523 3306 dissolvitur.
1549 3256 1617 3307 Cum
1640 3258 1722 3322 igitur
1750 3261 1824 3310 utra-

114 3332 191 3389 dem,
220 3328 337 3395 quodam
362 3324 583 3389 presumptionis
621 3323 751 3374 instinctu
779 3322 950 3373 confidenter
1001 3341 1054 3391 que
1072 3340 1133 3391 pars
1147 3325 1370 3376 contradictionis
1394 3326 1492 3377 habere
1519 3326 1641 3379 raritatis
1668 3334 1828 3395 argumenta

114 3401 217 3461 locuti,
232 3413 338 3451 errores
353 3412 417 3449 suos
430 3400 572 3448 veritatem
596 3410 656 3447 esse
677 3395 817 3445 dixerunt.
833 3396 948 3453 Quidam
1001 3398 1119 3456 ridetur,
1135 3398 1343 3463 diligentissime
1360 3399 1548 3464 vestigandum
1576 3404 1618 3451 cst
1645 3414 1707 3465 quse
1730 3402 1828 3453 horum

113 3488 185 3527 vero
199 3470 546 3537 nequaquamacatbolica
560 3468 728 3525 recedentes.
740 3471 767 3517 ει
791 3466 825 3517 da
852 3481 950 3517 nume·
1002 3470 1190 3520 universalitas
1221 3469 1343 3520 locorum
1374 3472 1526 3534 propositas
1555 3472 1760 3536 multiplicitatis
1773 3473 1828 3523 dic·

112 3562 149 3603 ro
170 3556 349 3611 personarum
378 3543 503 3593 aasentias
531 3540 716 3605 singularitate
743 3552 808 3589 sane
838 3539 951 3589 creden·
1001 3541 1090 3590 tiones
1105 3540 1255 3596 contineat,
1284 3544 1323 3600 ιιι,
1346 3540 1399 3589 hoc
1428 3539 1622 3604 cognitaque
1651 3541 1827 3605 perdivisio·

113 3624 172 3675 tes,
203 3630 237 3667 ex
263 3614 336 3664 veris
375 3612 599 3664 antecedentibus
640 3610 791 3661 rationibus
826 3612 951 3670 veritatis
1003 3624 1074 3668 nem,
1088 3617 1115 3661 ct
1129 3624 1270 3674 perquam
1285 3609 1445 3661 divisionem
1460 3611 1533 3661 exeri
1560 3612 1670 3671 dabant,
1692 3617 1719 3663 et
1741 3616 1827 3677 parti·

114 3690 188 3743 talea
200 3700 278 3753 posse
293 3685 400 3743 deduci,
415 3685 504 3734 mirati
531 3688 617 3744 sant;
646 3686 673 3732 ct
700 3682 847 3745 quoniodo,
868 3682 952 3742 salvia
1003 3682 1053 3733 bus
1069 3682 1225 3745 questionis
1236 3682 1331 3745 aptari,
1348 3685 1433 3747 possit
1445 3682 1582 3747 cognosci.
1597 3684 1673 3743 Ouod
1698 3684 1732 3735 ad
1757 3686 1826 3737 banc

116 3760 260 3831 praedictis
287 3756 440 3809 rationibus
466 3755 596 3815 veritatis,
623 3756 677 3804 aiut
704 3755 785 3803 unlus
820 3754 952 3817 simplicis
1003 3758 1037 3807 ds
1061 3752 1246 3817 singularitate
1278 3767 1309 3803 ao
1335 3754 1506 3817 simplicitate
1533 3756 1657 3807 essentia
1685 3754 1773 3807 Patris
1800 3765 1826 3811 at

118 3830 251 3887 assentiar
279 3843 311 3880 ac
340 3828 486 3891 singularis
510 3826 625 3878 diversas
651 3839 785 3890 personae,
805 3829 832 3875 et
861 3826 953 3876 diver·
1003 3827 1063 3879 Filii
1090 3828 1117 3874 et
1140 3824 1256 3887 Spiritus
1282 3824 1376 3883 sancti,
1404 3828 1431 3874 et
1458 3824 1492 3875 dc
1520 3826 1640 3889 ipsorum
1676 3831 1827 3881 secundum

118 3916 215 3957 sarum
231 3914 407 3967 personarum
423 3912 478 3949 uns
502 3898 646 3961 singularis
670 3900 697 3947 et
724 3897 837 3960 simplex
857 3911 953 3947 essen·
1005 3901 1126 3950 diversas
1153 3896 1333 3958 proprietates
1359 3896 1491 3947 numerali
1515 3897 1670 3951 diversitate
1697 3902 1826 3964 quaestio·

110 3978 166 4033 tia,
183 3972 322 4025 humiliter
350 3972 525 4035 quaesierunt.
551 3970 660 4019 lllorum
691 3982 754 4031 ergo
777 3969 951 4019 detestabiles
1006 3967 1172 4032 nem,cujue
1188 3973 1378 4033 utraquepare
1401 3969 1519 4021 raritatis
1544 3970 1644 4021 habere
1670 3980 1830 4035 argumenta

108 4060 227 4103 errores
240 4043 353 4094 Baetim
368 4043 461 4093 volens
480 4042 629 4097 destruere,
654 4046 679 4090 et
706 4039 848 4091 humilium
873 4042 948 4091 intir-
1006 4044 1122 4099 ridetur,
1138 4039 1248 4090 Boetius
1261 4041 1437 4105 investigasse
1452 4041 1564 4091 dubium
1580 4056 1638 4093 essa
1661 4057 1717 4093 non
1741 4046 1830 4109 debet,

109 4116 359 4180 mitatemjuvare,
393 4112 555 4177 Symmacho
583 4114 611 4161 at
635 4110 799 4175 quibusdam
828 4110 887 4161 aliis
912 4126 955 4162 aa·
1007 4113 1227 4180 quaridoquidcm
1256 4114 1315 4163 ait:
1347 4113 1547 4176 investigatam.
1579 4114 1634 4165 Nec
1664 4116 1722 4165 aine
1751 4118 1834 4168 studii

112 4188 262 4259 pientibus
278 4186 372 4235 scribit
386 4184 513 4236 doarium
543 4196 656 4233 numero
684 4196 860 4245 personarum
887 4182 956 4233 sim·
1008 4183 1560 4249 diligentia,quoniemeit;Diutiesime,
1589 4185 1640 4235 'rot
1667 4186 1742 4237 onim
1766 4191 1838 4239 mut.

113 4261 186 4331 plici
201 4274 233 4309 ac
249 4256 382 4321 singulari
395 4256 522 4308 essentia.
538 4258 564 4305 et
591 4254 624 4304 de
652 4254 739 4304 tribus
766 4254 847 4303 unius
862 4268 956 4303 essen·
1009 4258 1141 4320 tiplicium
1158 4254 1295 4303 locoscito
1311 4254 1475 4317 pertransire
1505 4268 1561 4304 non
1592 4255 1689 4318 potuit,
1704 4262 1732 4308 et
1754 4273 1788 4308 an
1803 4260 1842 4310 si·

113 4336 166 4387 tim
183 4342 302 4381 numero
322 4326 439 4378 diversis
463 4326 598 4389 personis,
625 4328 652 4375 et
682 4325 956 4387 utrumquerationi-
1010 4324 1377 4393 gnillcatio,aumodus,an
1401 4325 1473 4387 quod
1504 4324 1620 4375 aliorum
1647 4327 1742 4379 iecerit
1761 4344 1841 4394 quae-

117 4400 320 4461 busostendit,
337 4400 383 4449 aed
411 4398 560 4448 secundam
590 4398 756 4446 diversarum
787 4410 886 4459 genera
911 4398 1134 4470 la·1)stionarn,
1152 4396 1329 4460 perpendere.
1346 4396 1396 4446 Sed
1415 4400 1514 4447 etcum
1538 4398 1565 4447 in
1595 4398 1654 4448 eliis
1683 4398 1840 4465 intelligen-

117 4474 255 4527 aultatnm
277 4470 402 4521 diversis.
423 4468 490 4518 Nem
521 4469 608 4531 primo
637 4466 796 4527 theologicis
826 4468 952 4517 essentiae
1008 4474 1071 4522 tiam
1101 4468 1199 4519 excitet
1226 4468 1265 4516 rci
1292 4471 1366 4517 certa
1395 4469 1557 4529 proprietas,
1588 4473 1635 4519 aut
1666 4474 1738 4521 certa
1765 4474 1839 4523 vocis

120 4543 342 4609 singularitatem
366 4545 447 4605 atque
471 4538 690 4603 simplicitatem
715 4536 814 4587 deinde
842 4543 952 4589 natura·

116 4618 195 4671 libus
209 4613 461 4675 numerabilamapus
476 4623 654 4673 personarum
669 4610 854 4659 diversitatem
878 4624 953 4659 mon.

119 4692 203 4741 strat.
221 4684 299 4737 Unde
313 4688 386 4735 recta
401 4680 516 4747 intelligi
538 4681 637 4745 poterit
661 4680 872 4745 prenominatos
896 4681 951 4733 hta·

117 4758 233 4813 reticm,
248 4770 281 4807 ex
295 4769 328 4806 co
342 4754 415 4821 quod
429 4753 593 4804 naturalium
608 4750 732 4815 proprias
745 4752 865 4802 rationes
876 4752 954 4804 theo·

118 4830 220 4897 logicis
233 4826 510 4883 communicaverunt,
526 4837 585 4873 esee
597 4822 735 4886 deceptos.

155 4968 368 5035 investigatoris]
389 4965 532 5018 Praemiltit
558 4966 708 5029 prologum,
732 4964 760 5014 in
781 4980 836 5029 quo
859 4980 956 5030 quoru·

121 5044 170 5095 vis
182 5042 250 5093 illud
265 5042 299 5091 de
313 5054 367 5105 spuo
381 5038 522 5089 locuturus
551 5041 592 5086 est
618 5038 763 5085 obscurum
792 5038 875 5095 ait‚ct
897 5038 956 5099 plu-

124 5114 208 5169 rimis
234 5113 267 5164 ad
294 5109 513 5177 cognoscendum
543 5105 710 5158 dilllcillimis
741 5108 819 5157 robus
847 5109 957 5171 implici-

122 5192 198 5247 tum,
227 5184 341 5235 minime
367 5186 457 5233 ιιιιιεε
483 5181 572 5231 verbis
600 5181 700 5243 apertis
727 5194 785 5229 ecee
805 5180 957 5232 locuturum

122 5258 284 5327 promittit:
310 5257 381 5305 sicut
411 5254 445 5304 ab
476 5254 639 5313 oratoribus,
667 5266 727 5302 cum
755 5267 842 5317 genus
870 5268 958 5305 causae

126 5334 276 5387 obscuram
292 5328 414 5387 estheri
429 5327 515 5387 solet;
541 5326 595 5376 imo
610 5330 641 5376 ut
662 5327 700 5375 rei
724 5325 757 5377 de
771 5342 826 5391 qua
840 5327 959 5391 loquitar

126 5406 291 5469 dignitatem
323 5400 392 5451 celet
419 5398 549 5463 indignis,
576 5412 626 5449 nec
653 5410 710 5448 eam
724 5397 803 5461 plena
817 5400 959 5449 verborum

128 5474 219 5531 exerit
233 5472 415 5537 expositione,
428 5473 456 5521 et
470 5472 492 5520 si
522 5468 587 5533 quid
615 5482 704 5520 sermo
724 5468 861 5535 loquentis
885 5470 959 5521 audi-

128 5549 201 5603 toris
213 5542 401 5603 intelligentiae
424 5540 525 5606 prodit,
554 5554 617 5591 mox
639 5540 740 5605 iniectu
772 5556 850 5593 novas
878 5541 961 5606 signi-

127 5617 270 5675 ficationis
299 5614 421 5665 obducit.
448 5613 499 5663 Sed
529 5613 706 5663 attentionem
731 5614 846 5663 maxime
862 5617 960 5669 movet,

128 5696 191 5747 tum
215 5688 255 5741 rei
280 5687 367 5753 ipsius
391 5684 588 5747 magnitudine,
612 5689 669 5736 tam
695 5686 850 5745 verborum,
866 5698 961 5751 qnem-

1007 4542 1115 4608 positio,
1131 4544 1161 4589 ιιι
1172 4552 1235 4589 cum
1250 4538 1356 4597 dicitur,
1372 4537 1455 4588 homo
1471 4539 1569 4589 albus:
1585 4539 1715 4602 quoniam
1733 4546 1837 4594 certum

1007 4620 1047 4665 est
1077 4608 1228 4662 albedinem
1257 4610 1453 4672 corporalitatis
1482 4608 1619 4675 propriam
1646 4624 1714 4671 esse,
1748 4617 1837 4677 potest

1008 4684 1212 4751 putaridictam
1229 4696 1289 4732 esse
1306 4681 1456 4731 secundum
1485 4681 1606 4747 aliquam
1632 4684 1743 4735 bomani
1772 4700 1837 4737 cor·

1009 4758 1082 4822 poris
1098 4760 1209 4820 partem.
1227 4754 1283 4804 Aut
1310 4768 1372 4803 cum
1403 4752 1512 4813 dicitur,
1534 4756 1609 4806 canis
1633 4760 1674 4806 eet
1688 4758 1834 4817 sensibilis,

1009 4830 1139 4896 quoniam
1156 4831 1257 4877 certum
1287 4833 1328 4877 est
1352 4827 1431 4891 cujus
1460 4828 1559 4891 speciei
1590 4830 1633 4888 sit,
1664 4844 1835 4895 quaecunque

1010 4902 1125 4965 qualitas
1139 4898 1307 4963 significatur
1331 4899 1381 4949 hac
1411 4913 1500 4959 voce3
1531 4902 1654 4964 quamvis
1673 4902 1775 4953 nesciat
1791 4918 1836 4955 au·

1010 4975 1081 5025 ditor
1111 4987 1145 5022 cx
1169 4971 1247 5034 cujus
1272 4971 1379 5022 illarum
1408 4986 1490 5023 seusu
1519 4972 1570 5023 hoc
1601 4974 1703 5025 dictum
1727 4976 1769 5033 ait,
1786 4976 1838 5027 soit

1011 5050 1101 5095 tamen
1116 5042 1187 5107 quod
1207 5042 1324 5092 nonnisi
1339 5043 1371 5092 de
1389 5042 1482 5107 ecqui
1498 5043 1603 5095 illarum
1618 5045 1736 5110 aliquam
1756 5048 1839 5097 habet

1012 5120 1039 5167 in
1055 5115 1262 5177 multiplicitate,
1278 5128 1358 5178 quarn
1378 5114 1547 5166 diversorum
1574 5132 1702 5181 generum
1726 5118 1839 5169 diverse

1013 5190 1115 5240 iaciunt
1130 5186 1258 5247 rationes,
1276 5200 1336 5250 quse
1351 5186 1420 5237 adeo
1448 5193 1513 5237 sunt
1540 5190 1661 5249 occultae,
1677 5194 1706 5240 ut
1734 5203 1842 5252 semper

1016 5272 1233 5323 eorumgenere,
1264 5272 1336 5323 saepe
1365 5273 1429 5309 vero
1458 5264 1484 5310 et
1501 5259 1568 5323 ipsae
1592 5266 1843 5323 atcaruusgenera

1015 5334 1124 5400 penitus
1138 5335 1290 5389 taceantur,
1311 5332 1460 5395 longiorem
1485 5333 1699 5397 investigationis
1721 5333 1840 5383 laborem

1015 5420 1074 5456 esse
1090 5404 1246 5469 contingitz
1263 5407 1292 5453 ut
1319 5403 1347 5454 in
1376 5404 1425 5454 hac
1456 5404 1616 5469 quastione,
1632 5418 1688 5454 non
1707 5404 1844 5469 alguiflca·

1016 5476 1146 5533 tionibue,
1165 5476 1331 5537 conmodis,
1348 5476 1550 5539 nonpartibus,
1583 5490 1638 5525 non
1665 5478 1843 5541 temporibus,

1017 5562 1073 5599 non
1095 5546 1283 5609 relationibus,
1309 5562 1365 5597 non
1394 5548 1513 5611 danique
1541 5547 1844 5611 orandi'qualltatibus

1016 5620 1158 5685 implicita,
1186 5620 1234 5671 scd
1262 5622 1429 5671 diversorum
1459 5634 1587 5681 generum
1618 5621 1770 5673 rationibus
1799 5625 1844 5676 di·

1016 5694 1187 5757 versisque
1218 5695 1247 5743 in
1275 5694 1395 5757 utrisque
1423 5692 1547 5757 partibus
1576 5695 1736 5757 questionis
1758 5694 1844 5763 hujus

133 5762 283 5819 admodum
297 5758 424 5815 diximus,
452 5758 581 5809 basila:
609 5762 690 5823 atque
712 5758 886 5812 obscuritate.
912 5760 966 5814 Be·
1023 5765 1091 5819 sdeo
1118 5764 1289 5819 tacitamitss
1314 5765 1479 5828 occuluerat,
1508 5770 1541 5817 ut
1567 5770 1594 5817 at
1634 5770 1745 5832 propter
1774 5766 1847 5825 banc

297 5870 432 5935 Parada.
453 5866 556 5935 lallll.

1640 5874 1691 5947 su.
