3892 6126
109 210 181 273 itit
425 210 461 265 m
481 208 613 265 LIBRUM
633 206 679 266 iiii
699 202 839 265 unitus
859 195 1074 256 usiumsnr
1093 196 1346 255 putruissent
1366 196 1506 255 CHRISTI
1750 200 1817 257 tien

112 341 219 394 sedhic
234 335 443 391 omnialdcirco
457 334 605 395 dictasint,
620 332 646 383 id
669 330 795 390 estante
821 332 872 377 hac
892 322 936 373 in·
949 324 976 391 Α
991 321 1038 371 aad
1053 321 1122 373 duas.
1137 322 1213 382 Quod
1236 322 1331 374 ialaum
1356 336 1424 377 esee.
1439 323 1510 375 sicut
1524 321 1690 389 praedictum
1702 329 1754 381 ast.
1766 325 1819 375 dii·

112 414 231 465 ῑθῦῑὶοῦθ
251 410 323 461 dicit
350 408 449 472 puiad-
475 411 504 457 nt
531 410 742 457 monstraremus
770 398 936 452 differentias
991 390 1077 444 linitio
1092 407 1214 458 persensa
1241 393 1367 458 superins
1397 395 1469 445 dieta
1497 396 1649 445 convincit.
1669 394 1719 446 Est
1745 397 1817 449 enim

111 489 215 536 illlum
233 476 504 546 th⁰0901⁸0⁰oe.id
532 479 573 526 etl
599 473 692 535 οὐσίας
717 478 798 537 atqua
822 464 936 522 broeri-
988 464 1272 529 persons,ntdictum
1289 471 1338 527 esi,
1355 469 1459 517 naturas
1482 466 1655 518 rstioushiiia
1678 466 1818 519 individua

114 574 192 615 σσως,
209 550 471 614 Quoreronomina
490 546 715 611 unumquodque,
736 545 763 596 id
784 536 936 593 sulpiciae
989 535 1173 587 subsistentia.
1204 537 1233 587 Si
1261 541 1352 587 antem
1379 538 1501 589 christus
1529 543 1571 589 cat
1599 539 1663 591 duta
1684 552 1818 602 persone,

111 628 154 678 rei
167 624 325 689 ὑπόστασιν,
342 624 464 685 oportent
480 619 550 678 apud
566 618 676 667 Lutinoa
698 613 837 680 appellari,
861 610 937 659 ride·
989 622 1050 672 quie
1065 614 1106 659 esi
1121 608 1202 671 igitur
1216 608 1334 658 honiinia
1348 608 1449 674 Deique
1466 608 1537 659 laeta
1550 608 1737 675 conjunctio?
1751 610 1816 661 b'um

110 699 173 750 licat
200 711 235 747 an
262 694 332 758 quod
364 692 452 741 Graece
480 686 558 743 odaia
585 689 692 747 dicitur,
711 684 803 737 Latine
832 682 937 733 dicatur
989 679 1140 729 scilicetita
1157 679 1227 731 lacta
1251 685 1301 738 ast,
1329 680 1458 743 quesibi
1485 685 1526 731 ast
1551 680 1671 732 sieutht
1687 684 1817 735 cumdso

111 770 235 823 essentis,
265 767 321 815 aire
347 760 532 821 subsistentia,
560 762 616 810 sire
657 763 772 818 ustura;
809 760 836 805 et
863 749 937 817 qnod
990 749 1155 815 corpora.id
1183 754 1225 801 eat
1247 751 1290 800 sel
1319 752 1373 800 duo
1401 751 1570 815 lapideum
1598 752 1655 803 duo
1679 753 1820 817 ligneae}

112 843 202 893 Graece
232 838 331 889 dicitur
357 834 503 896 ὑπόστασις
530 832 623 882 Latine
659 830 808 895 appelletur
846 823 937 875 aubsi-
989 823 1228 888 inpisetlignum,
1252 824 1294 875 sel
1323 825 1478 889 hujusmodi
1502 825 1556 877 alia
1580 839 1700 891 corpora
1714 826 1820 879 sibimet

110 918 193 969 tiens,
224 912 281 959 rive
306 906 469 961 tubtltnlitb
498 906 555 955 sive
583 917 709 967 perenna,
740 902 776 951 ait
797 900 937 950 arbitrium
990 899 1174 959 apponuntur,
1197 900 1227 946 ut
1253 893 1381 946 videlicet
1406 900 1512 947 tantum
1540 897 1608 947 locis
1634 897 1681 947 ills
1710 911 1819 962 corpora

113 978 303 1033 ecclesiastices
319 976 470 1031 locutionis,
488 975 514 1023 id
544 978 584 1024 est
608 986 702 1023 eorum
729 966 936 1021 arbitrinrslin·
987 966 1082 1031 juncta
1096 967 1159 1023 sint,
1170 966 1196 1016 id
1213 972 1255 1016 esi
1269 972 1297 1016 et
1323 979 1356 1016 ss
1383 966 1492 1017 alterins
1517 967 1649 1032 qualitate
1674 968 1818 1031 nihilpep.

111 1050 268 1117 qusturqui
297 1046 484 1098 ecclesiastice
511 1042 657 1095 locutionis
686 1056 764 1092 usum
792 1041 936 1092 noverunt,
990 1040 1081 1089 veniat
1106 1040 1134 1090 in
1162 1040 1276 1089 alterum
1301 1040 1313 1087 i
1341 1052 1423 1103 quem
1465 1040 1671 1105 conjunctionis
1710 1042 1817 1093 modum

108 1126 166 1176 Hoc
179 1128 268 1173 tamen
285 1120 393 1169 interim
408 1120 515 1167 cunstat
538 1115 692 1171 indubium,
709 1112 781 1178 qnod
808 1109 937 1174 proeiiisi-
990 1110 1075 1161 Grseri
1092 1108 1271 1163 vesuntiensi
1286 1110 1430 1183 παράθεσιν
1454 1110 1505 1161 hoc
1531 1116 1575 1162 est
1596 1111 1756 1163 secundnm
1778 1127 1820 1175 ap·

110 1189 369 1249 munditiarre,hou
388 1191 429 1237 sat
459 1187 596 1236 diversum
628 1198 686 1235 esse
713 1183 784 1233 inter
809 1187 935 1232 naturam
991 1182 1161 1244 positionem.
1177 1176 1441 1239 humaniorem,
1458 1183 1609 1233 secundum
1626 1183 1821 1257 laticem-,fi

109 1270 190 1329 atque
211 1273 374 1327 personam:
401 1256 531 1323 quoniam
561 1257 663 1306 scilieet
692 1254 841 1305 secundum
873 1251 936 1300 ulti·
990 1252 1033 1317 sd,
1050 1250 1121 1313 θέσις
1135 1251 1242 1315 poeitio.
1258 1252 1407 1316 Diligenter
1434 1254 1543 1303 attende
1572 1255 1649 1317 qnod
1675 1255 1820 1307 hierachia

108 1349 180 1387 mem
204 1331 417 1394 supradictarum
447 1331 550 1377 naturai
577 1326 803 1389 significationum
836 1326 935 1372 natura
988 1322 1106 1374 breviter
1120 1328 1147 1373 et
1164 1324 1277 1373 obscure
1301 1322 1480 1386 significatum
1495 1330 1545 1382 est,
1569 1324 1699 1375 diversos
1720 1326 1820 1377 scilieet

110 1399 483 1469 sstcujualihstanbatantias
512 1396 666 1460 apecihestn
694 1394 857 1458 proprietas.
877 1391 937 1442 siis
989 1393 1498 1459 easeconjurrpsndiquoelihetmodos.
1515 1392 1656 1445 hiteuim
1679 1394 1820 1458 quodduo

110 1474 389 1538 reibsponit,quum
406 1484 489 1533 supra
513 1467 634 1533 posuerit
649 1482 657 1529 ;
685 1467 756 1517 idem
782 1470 872 1516 temen
896 1468 937 1513 eat
989 1477 1103 1528 corpora
1118 1467 1155 1515 ita
1169 1464 1219 1514 sihi
1237 1465 1448 1529 coniunguntur,
1463 1464 1535 1529 quod
1561 1464 1592 1514 in
1617 1466 1735 1516 aiteram
1761 1466 1821 1517 nibil

111 1562 218 1600 annana.
230 1542 361 1608 Superius
376 1543 446 1592 enim
462 1541 633 1591 aitaliaturs
655 1542 696 1588 est
719 1547 936 1600 unamquamque
989 1550 1021 1586 ex
1037 1537 1147 1586 ulterius
1174 1537 1299 1600 pervenit
1325 1535 1464 1598 qualitate.
1493 1535 1524 1586 ln
1548 1550 1607 1601 quo
1630 1536 1738 1594 innuit,
1754 1538 1819 1602 quod

111 1635 167 1672 rem
199 1616 349 1668 lnlnrmnns
378 1610 503 1675 specilies
526 1609 687 1660 differentia.
716 1608 768 1659 Sed
797 1606 869 1671 quud
898 1602 935 1654 ibi
989 1606 1818 1673 stiumituaibiiuricemuliqneconjunguntur,utinsisarum

109 1690 186 1746 dlxii·
203 1696 422 1748 unamquamque
440 1696 507 1741 iem,
539 1682 582 1730 bit
610 1681 686 1733 dixit.
700 1678 846 1745 eiijiisiibei
868 1678 934 1726 sub·
949 1687 973 1755 B
989 1693 1020 1728 es
1031 1680 1275 1743 alteriusqusliiste
1283 1677 1383 1741 aliquid
1393 1678 1542 1742 perveniat.
1558 1678 1643 1742 Niger
1666 1678 1743 1729 enim
1756 1680 1819 1745 lapis

110 1758 318 1813 mentientium
345 1756 416 1803 anim
449 1752 554 1802 rolehat
580 1749 693 1815 intelligi
723 1751 860 1814 aequivoco
884 1763 934 1800 no·
988 1749 1299 1814 albolnpidiapporitus,
1315 1749 1496 1813 locoquidem
1516 1750 1679 1801 alteralteri
1687 1751 1819 1815 juataest,

110 1828 451 1895 minequudicnbatrem.
468 1825 543 1884 Quod
574 1838 637 1873 vero
666 1823 704 1874 ihi
731 1822 936 1886 diritapeciilea
988 1822 1391 1888 aednequequiuigereaialhi
1409 1823 1536 1886 qualitate
1560 1823 1666 1873 dicitnr
1684 1823 1818 1879 albnane·

111 1902 273 1957 differantin,
302 1899 346 1948 hic
373 1896 448 1958 dicit,
489 1894 641 1961 specificata
676 1897 836 1959 proprietas,
866 1897 936 1943 rrete
989 1909 1042 1959 qne
1054 1897 1099 1959 qui
1114 1901 1154 1946 est
1169 1896 1255 1956 albus,
1271 1893 1339 1955 nipri
1354 1893 1480 1958 qualitate
1494 1893 1597 1944 dicitnr
1622 1896 1718 1960 niger.
1741 1893 1817 1959 Ligno

114 1976 218 2038 ¹²¹qu
235 1973 300 2021 ΝΜ
329 1972 356 2018 ⁰¹
384 1969 420 2017 ³1³¹
450 1980 532 2032 (1⁰¹¹m
564 1967 720 2016 ⁰0ffl5⁰⁸b³i
747 1961 935 2017 differentiam,
989 1966 1699 2030 anianilerrumrelsurumnpponitur,etdicitur
1717 1966 1815 2030 quidem

113 2043 430 2112 pauloantasocavarst
458 2038 646 2102 proprietatem
678 2035 789 2087 dimna:
817 2032 937 2083 Dicimus
990 2037 1167 2103 spposiiionis
1186 2038 1279 2088 habitu
1309 2038 1409 2099 lignum
1437 2038 1526 2101 ipsum
1550 2036 1687 2088 ierratnm
1713 2039 1755 2088 aei
1777 2052 1817 2088 su·

114 2119 247 2170 diversam
278 2126 337 2164 essa
361 2117 485 2162 naturam
512 2110 569 2159 auri
596 2116 677 2173 stqus
706 2108 863 2171 argenti,in
886 2106 937 2155 boo

113 2189 305 2255 proprietatem
320 2196 411 2233 rernm
426 2185 576 2231 monstrare
591 2181 740 2242 cupientes.

143 2261 256 2311 Persona
278 2270 346 2312 nero,
375 2253 439 2320 etc]
467 2253 569 2312 Quasi:
599 2253 699 2303 Natura
727 2254 768 2300 est
792 2248 939 2314 cujuslibet

115 2331 276 2386 substantiae
291 2326 444 2390 apecihesta
459 2325 620 2388 proprietas.
635 2326 752 2373 Persona
765 2335 829 2371 vero
840 2325 881 2371 est
894 2334 939 2369 rs·

113 2403 251 2459 ilonahilis
266 2406 369 2451 naturae
383 2397 524 2448 individua
539 2397 699 2446 anhstuuiia.

146 2476 216 2525 linae
243 2474 271 2523 irs
300 2471 416 2525 cbristo,
442 2468 504 2533 etc]
536 2470 682 2533 liunus-que
710 2472 834 2517 naturam
859 2469 939 2529 atque

114 2559 259 2612 personam
274 2543 392 2607 propriis
406 2539 563 2591 differentiis
590 2541 710 2590 diversas
738 2551 797 2589 esre
813 2537 938 2587 osteudit.

116 2620 195 2671 Nunc
209 2616 323 2667 Nestorii
353 2618 381 2663 et
407 2612 535 2676 Eutychia
562 2625 668 2661 errores
695 2624 804 2676 ponere,
820 2614 847 2660 et
874 2609 940 2658 auh·

119 2704 228 2744 morere
247 2685 413 2751 ingreditur3
430 2690 457 2735 et
472 2685 557 2746 primo
572 2685 684 2735 Nestorii
710 2695 828 2732 errorem
850 2684 939 2731 ostun-

116 2763 158 2814 dit
171 2764 199 2811 ei
212 2760 337 2811 destruit.
354 2757 453 2816 Quasi:
482 2757 597 2805 Persona
627 2760 668 2805 esi
695 2759 798 2804 naturae
823 2754 940 2803 rationa-

990 2117 1076 2160 ruiuni
1089 2125 1096 2169 ;
1108 2110 1154 2159 aed
1170 2108 1290 2159 nondum
1306 2107 1370 2158 lsrri
1393 2107 1434 2157 rsl
1458 2108 1517 2157 suri
1540 2108 1667 2172 qualitas
1693 2109 1814 2174 predica·

990 2187 1034 2233 tur
1048 2181 1081 2231 dc
1095 2181 1176 2244 ligno.
1187 2180 1324 2242 Contingit
1354 2183 1443 2229 tamen
1471 2179 1499 2229 in
1528 2179 1694 2245 hujusmodi
1720 2180 1815 2246 appori-

990 2251 1112 2303 tionibua
1131 2251 1210 2302 etism
1236 2249 1347 2301 alterius
1374 2251 1408 2300 ad
1436 2250 1553 2301 alterum
1582 2253 1705 2316 quadam
1736 2253 1812 2303 deno·

990 2323 1140 2373 minatione
1169 2320 1306 2386 qualitatis
1332 2333 1432 2371 nomen
1459 2321 1601 2379 tranaumi,
1633 2324 1726 2386 ipsam
1758 2336 1813 2372 sero

991 2397 1146 2460 qualitatem
1162 2405 1333 2457 nequequam
1348 2393 1375 2442 in
1392 2392 1477 2444 altaro
1501 2392 1570 2452 lieri,
1586 2398 1616 2444 ui
1648 2395 1678 2443 in
1706 2393 1813 2445 seatium

991 2470 1037 2518 stu
1054 2480 1187 2516 armornm
1219 2462 1442 2529 appositionibus,
1458 2465 1544 2515 Vestia
1568 2464 1644 2515 enim
1667 2465 1749 2516 eorda
1777 2465 1814 2515 rel

991 2538 1203 2603 pulchritudine,
1230 2539 1257 2585 et
1283 2549 1419 2585 armorum
1447 2536 1561 2599 pictura,
1594 2536 1735 2593 sordidus,
1771 2541 1813 2588 snt

991 2609 1113 2674 pulcher,
1131 2605 1290 2669 sulpicius,
1307 2604 1330 2655 is
1357 2606 1399 2655 cui
1423 2606 1481 2656 hmo
1505 2611 1691 2671 apponuntur
1714 2606 1814 2665 dicitnr,

993 2696 1053 2732 cuin
1069 2680 1201 2731 tamenin
1217 2678 1288 2728 illius
1302 2676 1453 2728 substantia
1476 2677 1533 2729 heac
1553 2677 1673 2729 minime
1689 2678 1762 2729 hant
1776 2679 1815 2728 isi

993 2759 1081 2803 antem
1099 2750 1327 2801 cumnonmodo
1356 2762 1456 2800 nomen
1486 2750 1597 2800 alterius
1629 2750 1816 2801 denominatur

117 2832 179 2884 hilis
207 2831 350 2881 individua
379 2828 540 2878 substantia.
570 2828 644 2877 lianc
670 2839 814 2890 persuusin
840 2822 942 2873 scilicet
992 2824 1265 2879 inniterum,rerum
1293 2821 1374 2871 eiiam
1403 2821 1491 2883 reipsa
1520 2823 1644 2885 qualitas
1665 2823 1777 2872 alterius
1791 2822 1816 2870 it

116 2902 257 2956 Nestorius
281 2900 412 2964 opinione
436 2912 485 2948 aua
508 2898 648 2948 constituit
677 2911 735 2948 ease
760 2896 891 2959 duplicem
912 2895 940 2943 in
992 2896 1019 2944 in
1038 2896 1187 2945 clter0:ut
1201 2893 1315 2942 dulcedo
1344 2892 1386 2942 rel
1414 2891 1525 2942 ariditas
1540 2892 1735 2957 appositorum
1750 2892 1778 2942 nt
1791 2894 1814 2941 in

115 2976 246 3027 Christo:
272 2984 355 3022 uuum
379 2969 503 3019 videlicet
528 2969 713 3026 [tabellarum
736 2964 942 3016 hominis.liicii
993 2981 1065 3021 rnre.
1084 2968 1125 3016 rel
1139 2966 1211 3029 pomi
1225 2965 1293 3014 odor
1322 2965 1350 3013 ln
1376 2977 1466 3014 manu.
1497 2964 1549 3014 Sed
1581 2966 1609 3015 in
1633 2965 1679 3015 his
1696 2963 1816 3015 omnihus

115 3048 187 3098 enim
204 3043 455 3095 inchrisiounnm
472 3054 615 3105 personum
633 3054 700 3097 asie,
718 3053 777 3103 quua
795 3039 938 3098 esilieus;
996 3038 1188 3088 attendendum
1203 3040 1252 3092 ost,
1277 3034 1349 3100 quod
1371 3048 1423 3084 non
1449 3035 1478 3086 iit
1500 3035 1610 3099 aliquod
1638 3049 1725 3087 nuum
1743 3049 1815 3087 csso

115 3122 227 3171 atteram
244 3119 364 3181 quaeest
383 3115 482 3163 homos
508 3117 536 3163 ei
561 3127 592 3163 ex
616 3113 658 3162 hia
676 3112 781 3162 duabus
804 3109 939 3159 Christum
995 3112 1065 3173 quud
1081 3109 1234 3173 apponitur,
1252 3112 1279 3157 at
1306 3120 1338 3156 ex
1367 3120 1398 3156 eo
1426 3107 1469 3156 cui
1492 3108 1652 3171 apponitur.
1668 3108 1728 3157 Non
1747 3106 1813 3157 enim

114 3206 173 3243 esna
188 3188 377 3252 conjunctum.
393 3186 430 3235 Eo
445 3186 545 3235 scilicet
570 3198 659 3234 errore
683 3184 715 3234 ad
733 3186 783 3233 boc
795 3183 941 3232 (licendum
993 3186 1032 3231 eat
1047 3180 1147 3243 aliquid
1165 3192 1248 3229 unum
1263 3177 1423 3229 naturaliter
1436 3191 1468 3228 ex
1483 3179 1616 3242 appositis
1650 3177 1703 3228 sibi
1723 3178 1813 3242 lapidi·

117 3261 267 3321 traductus,
298 3257 370 3321 quod
397 3256 535 3320 putaverit
562 3270 640 3320 posse
666 3254 720 3305 dici
748 3266 889 3318 personam
911 3253 940 3304 in
992 3254 1386 3317 hus,slhoetnigro;neque
1413 3266 1446 3302 ex
1476 3253 1550 3315 ligno
1568 3257 1595 3302 et
1626 3253 1812 3311 lerro,seles

115 3330 242 3384 omuibus
256 3328 450 3394 quoquomodo
478 3327 643 3377 dithniantur
671 3326 784 3383 naturis,
815 3324 866 3375 hoc
889 3327 939 3384 est,
993 3328 1104 3391 liguoet
1118 3339 1194 3381 auro,
1213 3338 1303 3388 nequa
1318 3338 1351 3374 ex
1366 3324 1474 3374 homins
1487 3328 1514 3375 et
1529 3324 1589 3388 ejus
1603 3325 1650 3376 rel
1677 3322 1814 3383 seate,rel

114 3400 380 3470 quiaputsritquod
397 3397 487 3447 omnis
511 3404 607 3449 nutriris
634 3398 740 3447 ilicutur
767 3397 848 3447 etium
878 3409 938 3459 per·
992 3401 1091 3457 armis,
1107 3410 1237 3460 nequeas
1254 3408 1335 3457 pomo
1350 3400 1481 3446 etmanu.
1505 3394 1544 3445 Ea
1566 3410 1653 3446 carne
1679 3400 1770 3447 autem
1791 3398 1815 3445 et

114 3488 191 3526 aona.
208 3472 350 3521 ilocenim
372 3476 546 3532 praesumpto,
572 3470 699 3533 quonium
728 3467 860 3530 duplicem
891 3480 937 3515 na·
992 3466 1540 3531 ossibus,atquibusdsmsliisrltunum
1564 3480 1669 3530 corpus
1686 3466 1814 3521 animalis,

113 3550 200 3597 turum
231 3556 290 3591 esse
320 3542 348 3590 in
380 3540 486 3590 chrisio
530 3546 604 3591 recte
641 3541 778 3595 ronse-but,
804 3539 937 3601 duplicem
991 3548 1017 3592 ei
1033 3555 1063 3591 ox
1081 3553 1194 3604 corpore
1210 3543 1236 3588 ei
1248 3539 1340 3587 anima
1367 3552 1450 3588 uuum
1479 3538 1588 3587 animal.
1623 3539 1661 3589 Ut
1686 3551 1814 3603 argome-

114 3629 223 3681 qnoque
241 3610 576 3677 perannsminipsuesse
598 3612 737 3661 confessus
761 3615 810 3660 est.
836 3610 892 3668 Qus
910 3608 937 3658 in
991 3613 1170 3677 liusintrllipi
1201 3611 1288 3675 possit
1318 3613 1344 3661 in
1374 3612 1492 3675 quelibet
1518 3626 1641 3675 persona
1663 3613 1812 3663 illorumex

113 3699 222 3738 renum
240 3684 338 3734 ialaum
355 3683 639 3745 esseaupsriuadicia
661 3682 937 3744 dililnitiopersonte,
991 3685 1090 3751 quibus
1114 3684 1173 3750 ipsa
1200 3686 1307 3734 constat
1337 3683 1604 3747 compositionibus
1631 3683 1812 3749 incipiendum

114 3772 174 3819 qure
202 3762 251 3812 eat,
283 3759 387 3804 naturus
419 3752 557 3804 rationalia
597 3752 739 3803 individua
775 3750 936 3808 anhelantia,
991 3757 1140 3809 amoinus
1167 3754 1240 3819 quod
1269 3759 1318 3809 est,
1347 3759 1394 3804 sut
1416 3753 1529 3818 simplex
1560 3758 1609 3804 aut
1637 3756 1812 3819 compositum

113 3826 412 3885 convincibouiunon
430 3824 512 3874 habnt
541 3825 665 3875 diitinitio
694 3823 853 3888 pluraliter:
878 3837 938 3885 per·
991 3836 1039 3880 psi,
1055 3827 1228 3889 Quirinalem
1244 3824 1417 3889 sitsimples,
1442 3830 1468 3874 et
1489 3824 1555 3890 quid
1575 3828 1770 3890 compositum,
1787 3824 1811 3875 in

113 3912 182 3949 sona
196 3903 236 3949 eat
249 3895 397 3946 individuus
428 3897 596 3953 substantiae,
624 3896 669 3944 seii
697 3894 876 3955 aiuunlnriter,
897 3895 937 3942 in·
989 3899 1116 3963 libroqui
1135 3902 1176 3948 est
1205 3898 1238 3947 us
1270 3894 1402 3947 bonorum
1432 3895 1619 3957 Hebdomade,
1644 3898 1810 3948 dictumest.

114 3968 396 4023 dividuasuhsinniiu.
418 3968 485 4018 Cum
515 3974 604 4018 autem
632 3968 689 4018 brec
720 3980 842 4031 personae
868 3966 937 4016 dilii-
990 3974 1029 4025 nii
1046 3968 1292 4036 nsmqiiesepiimo
1311 3970 1515 4032 prepositorum
1541 3970 1672 4031 terminu,
1697 3970 1754 4019 siae
1774 3982 1811 4018 η..

113 4043 181 4095 nitio
199 4055 260 4092 aum
275 4040 370 4090 laisum
397 4053 455 4089 asse
484 4043 634 4097 cniisiucut,
662 4046 717 4089 tum
743 4039 800 4088 ltaet:
819 4051 937 4102 quase·
988 4047 1059 4110 gnis,
1077 4042 1190 4105 simplex
1224 4040 1263 4090 ita
1289 4040 1408 4090 diiilnit:
1436 4040 1553 4103 Simplex
1582 4045 1629 4090 est
1657 4042 1731 4106 quod
1760 4053 1811 4089 ease

113 4116 206 4180 quitur
233 4111 432 4177 argumentatio
462 4110 604 4162 evidenter
632 4112 750 4161 declarat
779 4110 838 4174 ejus
865 4123 936 4159 erro·
989 4130 1067 4167 suum
1084 4114 1151 4165 etid
1168 4110 1619 4176 quodestunumhabet.Ooisvn
1637 4127 1705 4163 vern
1728 4112 1811 4163 termi-

114 4202 181 4240 rem.
989 4202 1034 4245 no,
1050 4183 1215 4248 dueoqund
1232 4187 1274 4233 est
1291 4184 1481 4246 compositum,
1508 4182 1569 4233 ait:
1601 4182 1685 4234 Omni
1712 4196 1812 4244 compo

149 4258 218 4309 i'eiu.
250 4257 281 4307 Si
309 4256 386 4316 assim,
413 4255 477 4323 etc]
504 4255 709 4319 Argumentatio
737 4254 781 4304 hic
806 4253 936 4318 qualitate
988 4255 1267 4317 aitosliudesteaae,
1296 4253 1370 4303 aliud
1398 4254 1486 4317 ipsum
1516 4260 1567 4304 est.
1601 4254 1812 4305 ilascautetnea

113 4329 212 4381 (licitur
227 4327 353 4389 ὑπόθεσις
368 4343 414 4391 per
428 4328 571 4392 quemdam
599 4328 675 4390 quusi
701 4338 935 4388 consensumqu-
988 4322 1310 4393 quoacneuaccipiendu
1329 4328 1401 4381 aunt,
1430 4324 1531 4374 dietum
1560 4330 1620 4383 est;
1637 4324 1712 4376 unde
1738 4324 1813 4375 niani-

114 4404 284 4451 uersantem
301 4403 342 4449 eat
365 4398 545 4463 syllogismus,
577 4399 665 4461 speeie
696 4412 760 4448 sero
788 4397 936 4460 hypoitieti·
989 4398 1142 4448 ieatumust
1160 4410 1242 4446 riuum
1260 4408 1320 4445 esse
1338 4394 1440 4458 aliquid
1458 4396 1555 4459 inquo
1581 4395 1694 4446 disersa
1713 4394 1814 4445 sibiin·

115 4486 173 4523 cus.
190 4473 248 4522 b'on
273 4472 345 4521 enim
373 4471 464 4533 atiquo
492 4475 567 4520 astra
596 4474 713 4533 sumptu,
734 4475 836 4531 partem
860 4482 936 4517 suam
989 4470 1074 4520 viram
1092 4466 1389 4532 conjunctadieuutur,
1406 4466 1448 4516 cui
1469 4468 1515 4515 nni
1547 4472 1615 4516 sunt
1644 4480 1706 4517 esse
1727 4479 1814 4518 omues

115 4541 326 4599 couilrmat,sed
359 4542 435 4603 quasi
461 4541 609 4591 adversarii
638 4541 710 4590 aliuto
734 4538 880 4603 aui,quod.
898 4543 939 4588 est
991 4539 1128 4599 speciales,
1144 4544 1170 4588 et
1184 4538 1227 4588 hes
1241 4536 1383 4600 exquibus
1412 4537 1542 4601 speciales
1571 4542 1702 4588 constant
1733 4538 1814 4587 rohai·

113 4612 451 4662 Chriaiiunsmnoneass
481 4626 635 4676 personum,
659 4608 817 4665 consentiat,
834 4614 937 4671 partem
991 4610 1217 4660 sieritimiliurum
1235 4607 1411 4672 quoeiriipso
1433 4607 1482 4657 sibi
1506 4606 1627 4658 invicem
1647 4609 1813 4673 conjungun-

113 4683 185 4733 iliam
201 4682 293 4738 sumit,
310 4686 339 4731 ut
353 4682 423 4745 quod
440 4696 471 4731 es
487 4696 520 4731 aa
537 4682 632 4734 ialenm
657 4685 786 4745 sequatur
803 4682 937 4730 ostendat.
991 4685 1045 4741 tur,
1061 4688 1087 4731 et
1102 4686 1199 4746 praeter
1217 4680 1265 4729 has
1283 4678 1335 4729 illus
1350 4680 1428 4729 ctiam
1454 4692 1515 4743 quas
1548 4678 1576 4729 in
1605 4682 1706 4732 eodem
1734 4694 1814 4731 crean-

115 4752 332 4813 Ouodeatrnctn,
359 4754 442 4815 partia
470 4767 526 4804 snae
554 4755 695 4804 manifesta
723 4751 835 4803 veritnic
858 4767 938 4815 urgu-
992 4760 1079 4805 turer
1095 4754 1187 4803 habitu
1203 4752 1419 4815 conjunctorum.
1436 4750 1603 4811 Uthomini,
1626 4754 1675 4818 qui
1704 4767 1737 4802 ῃ
1760 4766 1813 4801 (ω.

114 4823 309 4875 mediationem
324 4821 477 4883 couciudit;
495 4823 627 4888 aiter-gu:
991 4840 1056 4891 pore
1073 4831 1099 4876 et
1113 4823 1208 4888 spiritu
1229 4821 1281 4872 sibi
1309 4822 1460 4885 conjunctis
1486 4836 1558 4871 unua
1587 4829 1642 4886 est,
1671 4832 1737 4875 aunt
1763 4837 1814 4873 asae

147 4895 243 4944 Sinon
259 4896 298 4941 esi
313 4892 413 4943 ebriati
440 4909 492 4943 urin
518 4909 638 4959 persona,
665 4896 789 4961 seqnitur,
806 4894 869 4960 etc]
886 4894 937 4944 Sed
992 4911 1086 4947 ornnes
1103 4895 1223 4957 corporis
1252 4898 1331 4957 utque
1360 4895 1469 4956 spiritus
1495 4892 1696 4952 subsistentias,
1712 4899 1740 4945 ei
1763 4898 1815 4943 sins

114 4965 704 5033 quinNestoriua.qni0mnemnaturumputul
715 4981 773 5016 csse
785 4980 937 5030 perronam,
992 4968 1114 5031 quandum
1130 4978 1191 5029 quaa
1204 4966 1231 5013 iu
1246 4965 1348 5028 ipsoex
1364 4977 1457 5013 eorum
1479 4964 1549 5013 iliint
1573 4978 1724 5016 concursu.
1752 4966 1814 5015 iden

115 5052 148 5089 ex
159 5049 272 5087 numero
286 5040 441 5085 naturarum
453 5038 564 5087 metitur
587 5053 727 5088 numerum
750 5052 937 5101 personarum,
992 5054 1056 5090 iero
1074 5035 1274 5097 homo,axh1s
1297 5048 1357 5098 quae
1381 5033 1564 5086 subsistentiis
1585 5037 1690 5087 adsunt
1707 5038 1815 5101 qualita-

116 5106 193 5160 addit
207 5110 270 5157 unta
285 5112 402 5170 sumpto,
416 5106 538 5171 duasque
567 5110 593 5158 in
617 5107 724 5159 (thriatu
747 5113 857 5157 untriras
880 5122 938 5158 essa
992 5112 1073 5166 tibus,
1104 5113 1130 5158 et
1160 5104 1294 5156 mensuris
1323 5106 1551 5170 intervallaribus,
1578 5106 1685 5172 aliquid
1716 5114 1763 5159 est.
1789 5106 1816 5156 ill

115 5179 353 5234 mauiiestnmeat,
372 5177 489 5227 hominia
516 5178 618 5230 scilieet
646 5184 726 5243 siqua
750 5178 812 5238 Dei,
829 5183 854 5228 et
876 5180 940 5241 quin
993 5181 1120 5246 qnoniam
1137 5177 1256 5229 hominia
1283 5192 1314 5228 es
1346 5191 1458 5240 corporo
1482 5182 1509 5227 et
1531 5179 1632 5243 spiritu
1661 5180 1816 5246 compositio

114 5250 238 5302 nondum
255 5251 319 5299 satis
346 5249 515 5312 premissum
541 5256 589 5303 eat.
615 5254 644 5300 nt
671 5250 741 5313 quod
762 5249 940 5300 illuturusest
993 5255 1029 5303 ita
1044 5253 1086 5314 ait,
1103 5251 1174 5316 quod
1191 5264 1242 5300 nec
1257 5253 1403 5312 utrumque
1418 5262 1468 5299 nec
1482 5250 1601 5300 alterum
1621 5250 1652 5301 in
1667 5265 1701 5303 eo
1716 5252 1817 5303 conluu-

114 5318 492 5377 necessarioiulerst,ndhuc
520 5319 613 5369 addit:
642 5322 695 5370 Nec
724 5326 776 5369 tarn
809 5322 939 5384 iusipiens
993 5324 1184 5384 ditur,umnea
1204 5320 1257 5371 illus
1285 5334 1352 5385 quas
1378 5319 1458 5369 modo
1486 5319 1613 5372 diximus
1640 5323 1817 5375 subsistentia

113 5390 331 5456 eritquiaqucin,
350 5391 450 5453 utqui,
469 5391 521 5441 hoc
538 5395 578 5440 eat
601 5390 691 5455 aliquo
718 5392 798 5441 ruoilo
817 5393 937 5442 iiiramti·
993 5399 1019 5445 et
1034 5393 1178 5459 qualitates
1206 5395 1234 5442 et
1262 5390 1448 5441 intervallares
1475 5403 1627 5451 mensurae,
1658 5396 1715 5447 imo
1744 5397 1816 5445 etiam

113 5464 312 5519 hetearusn,iii
330 5462 500 5525 eataliquam
526 5464 650 5519 duarum,
675 5463 792 5514 hominia
817 5464 940 5517 uidelicet
994 5464 1205 5515 intervallarium
1221 5461 1338 5523 termini,
1354 5462 1387 5511 ds
1405 5464 1463 5526 ipso
1489 5460 1603 5512 honrine
1631 5469 1706 5515 recte
1736 5467 1818 5515 dirun-

114 5539 195 5597 atqua
221 5535 269 5583 Dei
291 5536 450 5583 nutursrum
489 5548 504 5583 a
543 5535 649 5584 ratione
681 5534 815 5600 sejungat,
846 5537 939 5587 dicens
993 5542 1045 5587 tur.
1064 5534 1336 5598 iiaeoenimapiritua
1360 5533 1535 5596 corporisque
1559 5534 1723 5599 conjunctio
1754 5548 1817 5585 com·

113 5618 196 5656 unam
214 5603 441 5668 quidemillarum
460 5604 575 5655 duarum
592 5609 751 5656 naturarum
765 5621 824 5658 essa
849 5622 940 5672 perso·
994 5608 1093 5674 positio
1114 5611 1232 5667 estnon
1260 5604 1422 5655 commistio.
1446 5603 1507 5657 Non
1535 5606 1613 5657 anim
1640 5608 1733 5659 omnis
1754 5620 1818 5657 cont·

113 5675 941 5743 nam,uitarsmvoronon;aequitnrutduaetnipaorideantur
994 5679 1092 5747 positio
1104 5675 1552 5738 commistinest,aiouinonomnia
1570 5677 1734 5745 conjunctio
1751 5690 1819 5729 onat-

113 5758 327 5812 crispandum,
338 5744 364 5797 id
375 5749 456 5799 estut
475 5746 596 5801 Christus
617 5762 672 5801 non
696 5750 731 5803 sit
751 5763 940 5817 unaparsons,
994 5753 1093 5820 positio
1119 5755 1168 5805 est.
1195 5749 1290 5804 Omnis
1317 5765 1382 5804 raro
1412 5750 1565 5805 commistio
1594 5752 1758 5821 compositio
1781 5748 1820 5803 ast
