3892 6126
114 301 166 359 821
704 312 753 366 DR
772 313 997 373 smoorsuo
1014 317 1252 375 CATEGORICO.
1769 327 1824 383 822
1917 270 1920 275 Ι

115 435 1028 511 minnsdequodamtterminopraedioetur,etotermi-Ain
1056 443 1259 516 superioribus
1293 447 1433 504 omnibus
1462 449 1644 522 syllogismis
1681 469 1756 526 quos
1791 454 1822 511 in

116 541 176 581 nus
186 527 358 599 dequodam
371 528 386 583 b
398 527 523 584 termino
535 528 783 600 nonpraedicetur.
797 529 870 586 Sita
882 547 939 587 ma·
994 532 1085 588 trium
1102 535 1263 606 figurarum
1280 537 1376 593 raedis
1391 542 1419 594 et
1444 539 1696 597 demonstratione
1721 541 1822 613 posui·

114 614 191 682 lum,
204 616 507 686 bjustum,cbonum.
520 617 549 674 Si
561 619 628 690 quis
639 618 838 691 igiturdioat:
995 639 1073 678 mus.
1089 622 1174 679 Tales
1189 641 1256 681 vero
1272 625 1435 700 syllogismi
1452 627 1553 700 quales
1570 646 1648 685 nnnc
1664 630 1735 686 dicti
1751 635 1822 689 sunt

225 703 345 762 Nullum
362 707 472 762 bonnm
489 706 600 765 malum
618 714 674 776 eet,
995 713 1164 784 perridiculi
1181 720 1261 786 sont,
1275 716 1352 787 quud
1382 716 1411 772 id
1443 719 1518 787 qnod
1549 724 1617 774 ante
1646 736 1819 778 concessum

226 794 378 858 Ouoddam
397 796 504 851 bonum
520 798 635 868 justum
651 804 707 869 est,
724 800 892 856 concludit:
994 802 1132 872 estqussi
1143 803 1264 858 dubium
1276 805 1416 875 quiddam
1428 804 1653 862 inconclnsione
1661 807 1818 882 colligitur.

228 885 379 950 Quoddnm
395 885 510 955 justum
529 888 640 944 melum
656 905 712 945 non
728 894 784 945 est.
996 891 1068 947 Nam
1085 892 1163 963 quod
1182 893 1311 964 positum
1327 899 1381 964 est,
1398 896 1562 952 necessario
1586 897 1766 969 contingere,
1784 899 1820 954 sd

117 975 430 1047 Hisigiturexpeditis‚
443 976 511 1046 quid
527 978 589 1049 ipse
611 977 801 1052 syllogismus
816 980 942 1035 sitdilti·
997 983 1050 1039 boc
1066 983 1204 1055 pertinet,
1218 984 1359 1055 quonium
1377 985 1546 1057 frequenter
1557 987 1592 1042 ad
1619 988 1820 1046 inductionem

117 1065 261 1122 siendum
275 1069 328 1121 est.
346 1065 495 1120 Dilfinitur
506 1072 603 1123 eutem
616 1068 676 1125 sic:
693 1068 884 1142 syllogismus
899 1073 943 1125 eet
996 1088 1067 1128 vers
1080 1073 1213 1143 quandam
1228 1073 1442 1145 propositiones
1453 1081 1523 1130 sunt
1533 1093 1659 1148 quarum
1671 1077 1820 1135 oonolnsio

118 1154 214 1212 oratio
228 1157 257 1211 in
273 1172 332 1228 que
347 1156 450 1229 positis
471 1158 648 1228 quibusdam
673 1163 762 1230 atque
783 1158 942 1226 concessis,
996 1162 1077 1219 nullo
1094 1164 1181 1220 modo
1197 1179 1265 1219 vera
1280 1169 1335 1232 est,
1351 1169 1385 1220 ut
1400 1165 1425 1221 si
1441 1166 1509 1238 quis
1524 1168 1566 1222 eie
1579 1167 1672 1224 dicat:
1689 1170 1743 1234 Qui
1759 1185 1822 1224 mn·

118 1245 201 1302 eliud
218 1249 360 1319 quiddam
376 1248 944 1322 quemsistesquspositaetconoessu
996 1251 1186 1310 sicumnovit
1204 1254 1336 1310 musicus
1361 1257 1417 1322 est,
1448 1261 1477 1310 et
1507 1257 1745 1325 concedatur3et
1770 1257 1822 1331 qui

118 1341 203 1405 sunt,
220 1339 386 1396 necessaris
404 1340 550 1413 contingit
566 1356 617 1413 per
632 1340 696 1412 ipsa
718 1355 781 1410 qum
806 1353 945 1396 concesse
995 1341 1211 1399 arithmeticam
1237 1341 1440 1399 arithmeticus
1464 1348 1518 1414 est,
1535 1344 1628 1417 etqui
1645 1346 1821 1402 medicinam

119 1431 202 1484 sunt.
218 1426 385 1485 Orationem
402 1431 532 1495 dirimas
541 1446 606 1486 esse
616 1429 820 1501 syllogismum
833 1427 942 1484 idcirco
996 1432 1125 1489 medicus
1140 1435 1195 1498 est,
1212 1432 1305 1503 etqui
1321 1432 1431 1489 bonum
1448 1434 1612 1490 bonusest.
1628 1438 1701 1492 Cum
1729 1435 1822 1508 igitur

118 1517 262 1589 quonium
273 1519 514 1575 omuisdilllnitio
526 1536 543 1574 a
557 1518 683 1591 generali
696 1517 834 1583 trahitur,
850 1531 943 1589 genus
997 1523 1057 1579 bno
1072 1520 1171 1578 omniu
1182 1527 1410 1587 concessesunt,
1420 1523 1510 1591 dicat,
1522 1528 1551 1579 et
1563 1524 1614 1595 qui
1626 1524 1821 1593 mulum,mn·

118 1613 220 1666 eutem
232 1610 394 1684 syllogismi
408 1617 452 1668 est
463 1612 566 1669 aretio.
579 1611 660 1678 Quod
676 1614 775 1666 autem
785 1609 943 1678 dictum,in
996 1609 1043 1666 lus
1054 1614 1108 1680 est,
1120 1611 1197 1682 quod
1212 1608 1294 1681 quusi
1309 1610 1510 1682 superioribus
1526 1611 1756 1683 similevidctur‚
1769 1613 1819 1670 sed

116 1698 943 1772 quapositisquibusdametconcessis,itsintelligendum
997 1701 1078 1759 omni
1089 1700 1348 1757 modoielsumest:
1358 1700 1425 1757 boni
1435 1701 1513 1757 enim
1522 1702 1657 1759 homines
1668 1720 1726 1759 non
1737 1702 1821 1761 aliter

117 1791 177 1858 est,
189 1789 273 1860 quasi
285 1790 328 1846 sic
338 1791 452 1846 dictum
464 1796 553 1857 esset,
565 1790 727 1846 secundum
740 1805 826 1860 quarn
839 1787 942 1862 positis
958 1814 982 1879 B
997 1794 1110 1861 cevent,
1128 1789 1185 1845 nisi
1201 1789 1278 1845 male
1293 1791 1435 1846 noverint.
1452 1794 1546 1863 Atque
1562 1782 1755 1865 idcu'propter
1769 1809 1821 1851 ees

117 1883 149 1936 et
160 1879 327 1949 concessis3
345 1880 464 1936 atenim
476 1878 666 1952 syllogismus
678 1878 814 1944 irritante
832 1877 944 1948 aliquid
999 1882 1203 1940 oonolnsiones
1218 1899 1283 1953 qnae
1296 1887 1367 1937 sunt
1388 1897 1441 1954 per
1454 1898 1504 1939 eos
1528 1883 1820 1956 propositionesque
1918 1872 1923 1881 ¹

115 1974 327 2042 componente
337 1969 453 2039 dicitur,
464 1970 540 2041 quod
560 1968 683 2023 audiens
694 1967 851 2034 concedat,
865 1967 943 2039 quod
998 1990 1049 2045 per
1065 1972 1265 2027 inductionem
1282 1971 1433 2039 dicuutur,
1449 1972 1581 2028 additum
1598 1979 1643 2028 est
1658 1970 1821 2030 conclusio-

114 2058 205 2116 siille
216 2059 405 2126 concesserit,
417 2058 600 2115 concluditet
607 2055 942 2130 perficitsyllogismum,
998 2078 1051 2119 nes
1066 2061 1095 2116 in
1112 2059 1291 2133 syllogismis
1316 2061 1495 2116 necessarias
1517 2061 1697 2133 contingere,
1723 2061 1751 2116 id
1777 2065 1824 2118 est

114 2148 239 2217 idcirco,
256 2151 326 2221 quia
341 2150 437 2205 dubias
456 2165 502 2204 res
522 2164 573 2220 per
596 2147 730 2218 quedam
756 2161 895 2201 concesse
915 2149 945 2201 ot
998 2168 1033 2208 er
1047 2150 1220 2207 necessitate
1240 2148 1421 2221 contingere.
1437 2151 1588 2206 Estetium
1601 2150 1822 2224 alieexpoeitio,
1879 2212 1882 2217 ,
1926 2170 1929 2175 ·

116 2241 241 2314 probata
250 2237 741 2297 monstrantur.conceditnreutem
753 2234 905 2305 equaliter
915 2239 944 2290 et
998 2241 1049 2297 sed
1066 2240 1096 2295 in
1111 2238 1272 2311 Anslytiois
1288 2239 1398 2294 nostris
1412 2239 1472 2309 jam
1490 2239 1569 2295 dictu
1594 2246 1647 2296 est.
1666 2239 1740 2296 lllud
1755 2256 1823 2297 vero

116 2326 943 2402 negetioveru.ceteraveroinsyllogismirlilfinitione
997 2331 1076 2403 quod
1094 2330 1276 2396 dictumest,
1293 2329 1422 2401 peripse
1450 2344 1516 2400 quae
1542 2329 1639 2400 posita
1668 2335 1750 2396 eunt,
1767 2330 1824 2386 hoo
1894 2332 1897 2337 '

116 2419 191 2479 talis
202 2427 272 2477 sunt
286 2436 350 2492 qne
364 2435 421 2475 non
438 2420 550 2491 integre
566 2416 725 2489 dispositos
755 2414 943 2487 syllogismos
998 2425 1177 2493 proptereos
1192 2417 1302 2473 dictum
1316 2421 1362 2474 est
1376 2418 1427 2489 qui
1453 2416 1528 2474 tales
1554 2418 1667 2474 iaciunt
1688 2417 1822 2492 syllogis-

116 2509 385 2583 esyllogismorum
401 2508 578 2565 diffinitione
599 2522 735 2562 verorum
760 2506 941 2561 discernant.
998 2526 1074 2578 mos,
1089 2507 1119 2564 in
1136 2508 1244 2579 quibus
1260 2506 1423 2562 autminus
1438 2506 1559 2579 aliquid,
1585 2512 1636 2564 ent
1665 2508 1742 2581 plus,
1770 2512 1822 2565 aut

116 2598 193 2655 Nam
209 2599 286 2671 quod
302 2598 483 2666 dictumest,
500 2596 530 2652 in
546 2612 605 2669 qus
619 2595 724 2667 positis
753 2593 942 2665 quibusdem,
999 2596 1823 2670 eliudpropositumestquamproponidebrrerut.lliunt
1910 2644 1938 2661 ..

117 2693 307 2764 sumptorum
337 2688 448 2746 scilicet
472 2694 500 2744 et
526 2683 761 2759 propositionum
783 2682 943 2750 multitude
998 2691 1077 2745 enim
1092 2685 1264 2758 hujusmodi
1280 2683 1453 2757 syllogismi.
1470 2685 1499 2741 Si
1516 2686 1583 2757 quis
1607 2687 1686 2742 enim
1711 2687 1752 2742 ita
1776 2686 1820 2741 di·

116 2776 476 2837 monstratur.Suntenim
489 2771 943 2848 quiputantaressebujusmodi
999 2780 1064 2833 cat:
1079 2779 1213 2832 Socrates
1228 2773 1317 2830 homo
1332 2778 1386 2842 est,
1403 2773 1500 2829 omnis
1521 2773 1609 2829 homo
1640 2774 1748 2829 animal
1765 2777 1820 2848 est,

116 2868 296 2945 syllogismi,
313 2869 344 2923 in
360 2867 468 2940 quibus
483 2869 600 2920 tuntum
620 2880 678 2918 ana
690 2861 849 2933 propositio
861 2864 944 2917 estet
998 2870 1027 2922 et
1042 2863 1210 2931 concludat,
1224 2864 1357 2920 Socrates
1373 2862 1464 2935 igitur
1476 2863 1625 2919 animatus
1653 2867 1707 2932 est,
1723 2862 1822 2921 minue

117 2975 180 3016 unt
201 2957 360 3015 θθῦθΙῦῦὶῡ·
377 2955 479 3022 0118Ιί8
495 2958 540 3010 0⁸1
560 2954 618 3019 htv,
640 2953 733 3014 Vides,
745 2950 818 3005 Vivis
834 2949 942 3022 igitor;
998 2954 1163 3028 proposuit,
1179 2953 1256 3023 quod
1273 2968 1331 3009 non
1346 2952 1419 3008 dixit
1433 2968 1520 3008 omne
1541 2953 1651 3009 animet
1679 2968 1744 3010 esse
1761 2952 1823 3009 eni-

115 3049 208 3105 bemo
223 3062 266 3116 es,
283 3044 392 3103 animal
404 3045 546 3117 igitures,
557 3047 586 3098 et
598 3041 656 3098 alia
670 3039 852 3110 huiusmodi,
869 3054 943 3110 quos
999 3051 1123 3102 metum.
1140 3042 1225 3098 Nunc
1241 3043 1266 3099 si
1282 3042 1323 3098 sic
1345 3042 1559 3114 proposuisset,
1583 3046 1660 3098 reete
1687 3042 1823 3100 Socrates
1935 3058 1941 3085 -·

117 3135 233 3194 scilicet
248 3141 359 3192 veteres
375 3136 404 3191 in
417 3131 595 3208 syllogismi⁸
612 3147 669 3187 ¹¹⁰⁰
680 3132 867 3201 affluerunt,
884 3126 944 3198 Stl-
1000 3135 1162 3191 auimatum
1179 3147 1244 3189 esse
1263 3130 1460 3197 concluderet,
1476 3130 1517 3186 its
1532 3130 1672 3188 dicendo:
1688 3129 1823 3190 Socrates

116 3226 265 3300 logismus
277 3226 355 3281 enirn
369 3230 414 3282 est
428 3225 595 3297 aliquorum
611 3224 752 3281 collectio.
763 3224 799 3277 At
809 3236 874 3277 vero
883 3223 942 3280 col·
959 3192 981 3259 c
1000 3225 1089 3282 homo
1102 3227 1157 3290 est,
1172 3222 1268 3278 omnis
1284 3220 1372 3277 bomo
1388 3219 1564 3289 animeleet,
1575 3221 1823 3279 etomneenimul
1921 3246 1926 3255 ¹

116 3317 273 3376 lectionon
283 3315 339 3372 nisi
351 3315 546 3388 plurimorum
566 3319 621 3385 est,
632 3321 660 3371 et
673 3315 842 3388 quicunque
855 3329 943 3370 noem
1000 3315 1164 3372 animatum
1179 3316 1234 3381 est,
1249 3311 1384 3368 Socrates
1398 3310 1489 3384 igitur
1503 3310 1653 3368 animatus
1681 3315 1736 3368 est.
1752 3310 1823 3368 Plus

118 3407 220 3482 posuit
248 3405 491 3480 propositionem,
507 3405 556 3462 ille
584 3422 641 3461 non
670 3404 791 3477 colligit.
822 3403 942 3460 Nullum
998 3410 1096 3461 eutem
1112 3417 1275 3476 proponere
1289 3400 1343 3458 boc
1358 3409 1413 3462 est.
1430 3406 1461 3456 ut
1476 3401 1581 3473 siquis
1594 3400 1822 3457 siodicatzorn-
1901 3398 1904 3407 '

115 3494 942 3574 igiturleoietsyllogismum.Debetenimsyllogismus,
997 3493 1044 3550 nis
1060 3494 1148 3549 homo
1163 3488 1274 3547 enimsi
1289 3497 1343 3556 est,
1359 3504 1446 3546 omne
1459 3487 1569 3545 animal
1585 3488 1749 3545 animatum
1763 3495 1822 3560 est,
1927 3516 1930 3521 ·

118 3585 576 3662 utengustissimussit,dnebus
588 3584 840 3659 propositionibus
858 3598 941 3639 com·
995 3583 1047 3640 sed
1063 3588 1091 3638 et
1105 3581 1148 3639 sol
1163 3581 1194 3638 in
1209 3579 1305 3636 Ariete
1320 3583 1374 3648 est,
1391 3579 1484 3635 omnis
1500 3578 1590 3652 igitur
1603 3578 1691 3636 bomo
1709 3578 1819 3636 anime·

118 3680 250 3753 probari.
261 3679 341 3745 Quod
350 3682 449 3735 autem
459 3676 570 3732 dictum
584 3675 725 3743 est,elind
735 3675 877 3746 quiddam
889 3690 941 3730 ne·
995 3676 1119 3739 tuseet;
1135 3671 1263 3728 hisvero
1278 3667 1460 3742 superfluum
1488 3674 1534 3726 est
1560 3669 1637 3741 quod
1666 3668 1757 3726 selem
1785 3669 1815 3726 in

113 3769 246 3829 cessario
261 3769 375 3827 evenire
390 3784 480 3842 qnam
492 3766 623 3838 sintipsa
633 3782 700 3838 quoe
710 3781 850 3822 concessa
860 3768 939 3832 sunt,
994 3762 1090 3819 Ariete
1104 3777 1169 3818 esse
1181 3759 1368 3831 interposuit
1384 3757 1469 3815 Aliud
1483 3762 1581 3815 eutem
1593 3773 1682 3830 quem
1700 3772 1818 3815 necesse

111 3862 257 3937 quonism
271 3861 439 3933 frequenter
451 3858 522 3915 teles
546 3857 582 3913 ab
593 3855 743 3929 aliquibus
757 3855 832 3911 flunt
857 3853 942 3927 syllo·
994 3850 1173 3923 estquidam
1190 3851 1357 3923 proponunt
1370 3846 1426 3904 hoc
1440 3847 1538 3918 modo,
1555 3852 1586 3904 ut
1601 3848 1627 3904 si
1642 3848 1710 3921 quis
1724 3847 1768 3903 sio
1778 3846 1821 3903 di·

109 3949 214 4027 giemi,
228 3955 261 4006 ut
275 3966 309 4007 ee
323 3966 389 4022 qoae
404 3951 631 4022 proposuerunt,
648 3947 713 4018 ipsa
724 3945 813 4001 etiam
829 3944 858 4000 in
871 3959 940 4000 con·
994 3948 1042 3999 oet
1052 3959 1063 3997 :
1078 3938 1172 3996 Omne
1186 3937 1274 3994 bomo
1289 3936 1396 3994 eninrul
1414 3941 1469 4005 est,
1485 3936 1578 3993 virtus
1592 3940 1691 3992 sutem
1707 3937 1819 3994 bonum
1897 4014 1900 4019 Ι

111 4041 248 4100 elusione
262 4039 448 4106 concludant,
465 4041 498 4093 ut
510 4041 555 4093 eet
569 4036 636 4091 bic:
652 4035 683 4091 Si
694 4035 782 4090 bomo
797 4049 840 4103 es,
851 4032 939 4088 bomo
994 4032 1049 4100 est,
1064 4029 1162 4085 omnis
1177 4027 1268 4100 igitur
1282 4027 1370 4083 borno
1384 4024 1547 4082 animatum
1562 4030 1617 4081 est.
1633 4023 1720 4081 Nulla
1732 4025 1823 4098 igitur

110 4148 167 4200 οη
183 4132 272 4188 homo
299 4135 396 4186 autem
413 4145 455 4198 es,
472 4128 557 4184 borno
572 4126 662 4198 igitar
683 4140 725 4181 es.
757 4122 834 4179 Ideni
858 4123 938 4178 enim
996 4120 1103 4175 burum
1120 4117 1354 4190 propositionum
1371 4116 1483 4170 adrem
1500 4113 1626 4187 pertinet
1648 4114 1727 4185 qnod
1751 4128 1820 4168 con·

112 4222 262 4281 conclusit
277 4237 335 4293 quo
350 4221 437 4275 dente
453 4219 614 4291 proposuit.
626 4220 718 4286 Atque
729 4214 803 4281 ideo,
816 4213 851 4268 ud
868 4213 938 4268 isto·
995 4207 1268 4280 eluderecupiebut.
1280 4203 1421 4277 Expedita
1434 4203 1525 4276 igitur
1535 4202 1699 4275 syllogismi
1711 4200 1823 4258 dilllnl·

111 4328 184 4371 rum
199 4308 506 4377 discretionem,nllud
519 4305 659 4380 quiddam
668 4303 836 4374 contingere
852 4300 938 4357 debe·
993 4298 1125 4366 tione,ud
1133 4297 1262 4370 priorum
1282 4295 1436 4351 modorum
1457 4296 1592 4348 naturum
1608 4289 1826 4348 resolutionem·

111 4419 148 4461 re
162 4402 275 4458 dietum
291 4404 334 4459 est
351 4415 440 4472 quem
456 4396 517 4454 sint
531 4412 565 4454 ee
579 4411 643 4467 quse
659 4408 799 4450 concesse
814 4395 893 4457 sunt,
906 4394 939 4447 ot
992 4380 1824 4460 queveniamus,etpriusomnesinordinemdlsponetur.

813 4480 915 4537 Primae
929 4480 1031 4552 fipurae
1044 4474 1128 4531 modi.

279 4576 397 4635 Primus
541 4574 631 4632 Omne
642 4571 760 4644 lustum
776 4570 887 4626 bonnm
903 4573 958 4626 eet.
973 4565 1075 4625 Omnis
1091 4562 1274 4634 uirtusjuste
1287 4564 1342 4618 est.

541 4662 644 4721 Omnis
657 4661 747 4736 igitur
760 4659 855 4716 uirtus
871 4659 948 4714 bone
962 4660 1016 4714 est.

280 4756 434 4817 Secundus
541 4751 663 4812 Nullum
677 4752 787 4808 bonum
806 4747 917 4806 melum
932 4750 985 4804 est.
1000 4748 1094 4802 Omne
1106 4743 1220 4815 iustum
1235 4741 1347 4799 bonnm
1362 4743 1419 4799 est.

542 4841 662 4899 Nullum
677 4839 768 4913 igitur
778 4839 896 4912 lustum
912 4835 1024 4894 melum
1038 4837 1093 4891 est.

280 4935 396 4994 Tertius
541 4930 634 4988 Omne
650 4931 759 4987 bonum
773 4926 867 4984 virtus
882 4932 936 4982 est.
948 4922 1099 4994 Quoddam
1111 4921 1228 4994 justum
1242 4919 1353 4975 bonum
1365 4920 1419 5000 est.

544 5020 696 5090 Queddem
711 5017 802 5092 igitur
811 5017 929 5090 lustum
943 5014 1037 5072 virtus
1051 5015 1107 5068 eet.

281 5118 408 5184 Quartus
543 5110 663 5169 Nullum
679 5109 790 5166 bonum
806 5105 917 5162 malum
933 5106 987 5162 est.
1002 5102 1155 5169 Quoddem
1166 5101 1282 5173 justum
1298 5098 1409 5156 bonum
1421 5099 1475 5155 est.

546 5199 699 5267 Quoddem
715 5194 929 5268 igitnrjustnm
946 5189 1057 5250 melum
1071 5206 1130 5246 non
1145 5193 1200 5248 est.

282 5294 408 5364 Quintus
539 5290 631 5348 Omne
641 5289 758 5361 justum
775 5285 885 5341 bonum
901 5285 956 5338 eet.
972 5279 1074 5336 Omnis
1088 5278 1182 5335 virtus
1193 5278 1277 5348 justa
1290 5279 1346 5333 est.

542 5379 693 5448 Quoddsm
708 5374 800 5449 igitur
813 5373 924 5430 bonnm
938 5369 1032 5427 virtus
1045 5373 1101 5427 est.

283 5478 387 5537 Sextus
540 5469 659 5528 Nullum
675 5467 786 5523 bonum
799 5463 911 5521 malum
924 5464 979 5520 est.
995 5461 1088 5517 Omne
1100 5459 1214 5532 lustum
1231 5456 1342 5513 bonum
1359 5458 1413 5514 est.

537 5560 655 5617 Nullum
673 5557 764 5631 igitur
781 5555 893 5611 melum
906 5552 1022 5625 justum
1038 5553 1092 5607 est.

284 5657 433 5733 septimus
545 5651 639 5708 Omne
653 5648 764 5705 bonum
779 5645 873 5702 virtus
887 5646 942 5699 est.
958 5640 1111 5706 Quoddam
1122 5639 1238 5712 justum
1256 5636 1366 5695 bonum
1382 5637 1439 5690 est.

547 5738 687 5806 Quedem
702 5736 795 5811 igitur
808 5733 904 5793 virtus
914 5730 999 5803 jaste
1014 5732 1069 5788 est.
