3892 6126
118 198 185 252 lter

431 197 467 252 IN
486 195 619 252 LIBRUM
638 195 685 250 DE
703 193 841 250 DUABUS
861 191 1013 248 NATURIS
1033 193 1077 250 ET
1098 195 1170 252 UNA
1189 193 1352 251 PERSONA
1371 190 1510 249 CHRISTI

1756 189 1823 245 ttut

115 324 381 388 turaramuueunius
403 325 445 373 val
473 323 639 373 diversarum
669 336 734 373 rara
765 320 937 385 perlectoque
952 321 979 387 Α
996 321 1116 385 quolibet
1130 322 1250 380 humine,
1266 322 1363 373 animoa
1373 321 1548 384 corporisque
1575 320 1824 380 nature.qnsrarn

115 394 426 460 divisiupropositisad
446 394 582 458 agendum
610 395 643 444 da
673 392 739 457 ipsis
764 392 871 443 Christo
897 395 937 440 at·

116 481 168 532 que
183 474 286 526 natara,
300 481 409 516 necesse
425 471 464 516 est
480 470 510 516 ut
527 467 554 515 in
570 467 677 516 Christo
692 471 739 515 aut
760 465 820 514 duae
835 470 939 513 naturus

117 540 182 600 sint,
197 539 289 586 diviua
303 543 329 585 ει
344 539 473 591 hunrann.
491 537 608 600 dumque
634 551 766 600 persone,
784 550 837 584 arna
857 535 937 595 Deus,

117 610 199 659 altera
213 609 304 665 homo.
321 614 349 657 ot
363 608 502 658 Nestorius
516 610 570 667 ait;
587 613 634 658 aut
650 622 704 657 uua
733 621 849 670 persona
862 605 938 655 Chri·

117 688 183 735 stus.
202 695 308 745 unaque
323 687 428 738 natura,
444 696 505 746 qne
523 683 647 745 provenit
675 682 793 731 humana
821 679 850 729 iu
868 678 938 729 diri-

117 760 377 809 nsurconrersa‚ut
406 753 542 815 Eutyches
570 757 629 814 ait3
659 759 704 802 aut
733 753 793 801 dure
816 755 937 811 natnrae;

118 823 210 873 divina
233 829 260 874 ει
286 825 413 882 bumana,
442 825 489 873 sed
518 838 572 873 una
600 838 716 888 persona
744 822 874 880 Christus,
893 824 938 884 qui

115 899 322 946 unrrsestlieus
346 902 373 946 et
401 897 491 954 humo,
517 901 545 945 ει
571 895 703 945 catholica
732 895 797 944 fides
829 894 938 952 credit3

115 972 348 1025 autonomiam,
365 970 481 1031 clamque
497 980 630 1030 persuum,
647 966 720 1030 qnod
737 966 828 1014 nullus
850 964 939 1013 adhuc

114 1038 189 1087 dixit.
206 1039 442 1102 Etduosquidem
471 1052 529 1087 usae
560 1042 671 1087 naturas
699 1037 819 1100 dirasque
846 1049 940 1098 perso·

114 1109 205 1159 oasin
234 1123 266 1160 ea
292 1110 467 1173 responsione
496 1122 556 1171 qum
585 1114 678 1157 contra
699 1107 851 1157 Nestorium
868 1105 940 1156 dicta

113 1186 161 1242 est,
175 1181 338 1231 convicimus
351 1197 358 1241 3
373 1193 452 1229 unam
469 1194 532 1229 vero
564 1193 706 1240 personam
735 1192 869 1242 unamque
894 1190 939 1226 na·

113 1257 200 1302 turam
215 1267 273 1302 esse
297 1265 352 1301 nun
380 1265 469 1315 possa.
486 1250 606 1314 Eutyche
629 1249 680 1299 boc
694 1264 752 1299 esse
768 1254 938 1312 proponente

113 1327 329 1375 monstravimus.
346 1323 439 1387 Neque
454 1326 543 1371 tamen
559 1321 701 1385 quicquam
727 1321 867 1385 hucusque
890 1335 939 1370 er·

113 1396 182 1446 stitit
196 1403 250 1445 tam
265 1410 369 1452 arnone,
386 1400 415 1445 ut
429 1395 549 1444 crederet
564 1393 591 1441 in
618 1407 650 1442 oo
679 1407 737 1442 esse
770 1406 850 1441 ranam
876 1393 937 1454 qui·

112 1468 173 1518 dem
190 1473 322 1523 naturam,
338 1466 385 1516 sed
401 1466 523 1529 geminas
538 1477 676 1527 personas.
710 1463 736 1512 Si
766 1468 854 1512 autem
876 1479 939 1528 qnia-

112 1539 310 1589 tuorhaecnec
338 1538 407 1587 ultra
432 1549 489 1585 esse
521 1539 642 1598 possunt,
659 1538 688 1584 ut
717 1534 875 1589 inebriato.
892 1542 939 1585 aut

113 1611 181 1671 duos,
198 1617 258 1669 etc.;
274 1622 389 1673 cumque
405 1609 471 1656 duaa
496 1605 604 1669 quidem
633 1606 840 1663 convicerimus,
863 1612 914 1655 etc.
931 1622 937 1666 ;

995 394 1118 457 quedam
1135 394 1225 458 aliquo
1239 407 1349 458 genere,
1376 405 1469 442 omnes
1497 389 1583 441 simol
1611 388 1704 452 aliqua
1724 388 1823 439 ratium

991 466 1166 516 conveniant.

1028 535 1215 594 i'eruuuomeu,
1245 537 1309 600 etc]
1339 534 1440 594 Quasi:
1466 535 1546 585 Nunc
1573 529 1761 597 querendum
1788 536 1824 581 ast

992 610 1203 671 quouiodo,etc.
1221 610 1411 659 Verumtamen
1438 620 1512 656 nuuc
1542 605 1630 656 etiarn
1664 603 1825 652 rationabili·

991 683 1031 728 ter
1047 685 1108 742 post
1122 681 1168 729 illa
1182 694 1244 743 qaae
1260 680 1418 737 dictasunt,
1436 683 1478 727 ost
1506 682 1534 728 et
1556 677 1615 726 alia
1634 676 1825 740 quaestioque

991 766 1024 802 ex
1040 753 1156 817 hisquae
1173 752 1303 815 predicte
1332 758 1395 801 sunt
1425 757 1515 815 protraat
1529 750 1629 800 iulerri
1654 748 1693 797 ab
1721 746 1763 795 lris
1785 749 1826 810 qui

991 838 1045 873 nun
1062 825 1177 874 credunt
1190 823 1286 873 Christi
1301 838 1400 887 corpus
1427 823 1581 872 hamanum
1608 824 1754 881 sumptum
1774 833 1825 869 esse

991 909 1024 944 ex
1039 895 1122 945 Maria
1139 912 1146 953 ;
1162 896 1208 945 sed
1224 896 1298 952 olias,
1314 895 1364 944 boc
1379 902 1420 944 εει
1436 896 1487 944 aliu
1507 900 1637 958 ternpore
1659 898 1747 955 atque
1761 891 1824 943 alibi.

992 970 1047 1018 sire
1063 967 1090 1016 in
1107 969 1186 1025 coelo,
1212 972 1240 1017 ut
1263 967 1407 1030 opinantur
1430 965 1630 1021 Valentiniani.
1648 963 1713 1013 sire
1735 963 1762 1012 in
1778 962 1823 1012 sliu

991 1039 1143 1089 loculuisse
1170 1053 1185 1087 a
1211 1039 1315 1088 caeteris
1342 1037 1499 1096 corporibus
1526 1040 1743 1100 seqrrestrstnm
1765 1047 1826 1095 pre·

992 1115 1168 1175 paratumque
1196 1109 1374 1159 incarnationi
1403 1110 1509 1165 Christi.
1526 1108 1605 1171 quud
1635 1108 1667 1156 in
1688 1105 1824 1155 adonstiu·

992 1181 1077 1237 aeid
1104 1186 1145 1230 εει
1171 1182 1244 1245 quod
1273 1180 1341 1230 lauta
1370 1180 1469 1229 diriore
1500 1180 1697 1242 humanaeque
1730 1181 1824 1227 natare

990 1252 1583 1317 adunationevidereturnasciocprulerri
1617 1266 1654 1302 ex
1682 1255 1763 1299 utero
1776 1250 1824 1300 lis·

991 1329 1047 1377 rire.
1062 1327 1126 1385 Oura
1139 1323 1253 1388 questio
1267 1325 1328 1373 talis
1354 1329 1411 1385 cst;
1440 1327 1516 1373 aiunt
1539 1325 1616 1372 enim
1651 1320 1822 1371 ita:Sicor·

992 1412 1042 1461 pus
1059 1397 1156 1444 Christi
1174 1410 1205 1445 ex
1222 1397 1331 1445 bomine
1359 1401 1496 1458 sumptum
1529 1399 1584 1447 est.
1601 1392 1680 1443 sicut
1709 1405 1759 1440 sos
1779 1390 1824 1441 Cs-

991 1469 1213 1525 tholicicrcditis‚
1244 1469 1324 1516 homo
1355 1480 1417 1515 vero
1446 1465 1640 1527 omnis‚sicut
1659 1477 1712 1512 vos
1743 1461 1822 1511 dicitis

991 1547 1258 1599 etrerumesse,ex
1288 1540 1383 1602 prima,
1413 1540 1464 1588 hoc
1494 1543 1536 1586 εει
1562 1538 1724 1601 primorum
1738 1548 1821 1599 paren·

991 1616 1047 1662 tum
1063 1611 1292 1675 prevaricatione,
1318 1624 1372 1660 non
1405 1611 1492 1659 sulum
1522 1609 1682 1659 tenebatur
1711 1609 1821 1670 peccatu.

113 1682 333 1732 restututeasit
362 1693 424 1730 vera
448 1678 524 1735 tides,
552 1691 632 1742 quam
659 1677 792 1727 catholiea
815 1691 935 1739 pronun·
951 1688 975 1754 Β
991 1687 1095 1731 ειεειε
1122 1681 1182 1743 ipsu
1207 1681 1305 1731 laceret
1335 1680 1408 1744 quod
1436 1694 1489 1729 non
1515 1680 1583 1729 licet
1597 1676 1675 1732 lieri.
1690 1680 1720 1726 et
1737 1680 1821 1729 murts.

113 1753 169 1810 ιίει,
185 1753 351 1802 εειειίεειίε
371 1751 476 1801 Christo
503 1750 637 1812 geminam
663 1762 721 1799 essa
745 1748 933 1810 substantiam,

113 1826 219 1875 lrocest
236 1824 355 1874 divinam
385 1825 528 1873 essentiam
557 1826 583 1872 et
611 1824 757 1871 humanam
785 1820 936 1870 subsistan-

112 1896 243 1954 tiam,sed
269 1895 357 1960 ipsum
385 1909 442 1944 esse
473 1906 553 1943 unam
577 1907 730 1956 personam.
768 1893 835 1952 Quis
872 1906 936 1942 reru

111 1970 194 2034 paulo
221 1975 292 2026 ante,
324 1984 385 2018 cum
413 1982 529 2018 errorem
558 1966 686 2030 liutychia
729 1980 934 2031 exponeremus.

112 2041 230 2091 diximus
256 2042 395 2104 Eutychen
418 2039 538 2090 confiteri
562 2038 629 2087 duas
654 2037 763 2100 quidem
786 2041 813 2087 in
828 2038 935 2086 Christo

112 2118 175 2163 ante
192 2115 384 2163 adunationem
400 2113 481 2162 tuisse
513 2114 631 2167 naturas,
648 2108 770 2159 divinam
796 2114 824 2159 ot
845 2109 936 2158 hnma-

111 2198 184 2238 uanr.
201 2199 280 2233 unam
296 2198 367 2243 reru,
384 2182 502 2232 divinam
518 2182 629 2241 seilicet,
655 2195 714 2229 csse
744 2184 804 2243 post
831 2181 936 2229 aduna-

111 2256 235 2312 tionem;
260 2268 376 2318 eumque
398 2255 636 2315 interpretaremur
658 2252 731 2300 hunc
757 2264 875 2301 errorem
891 2265 934 2301 ce·

110 2327 166 2377 lare
191 2327 387 2388 multiplicitate
416 2327 563 2375 dictionum
606 2328 728 2380 istarum,
766 2327 836 2379 urite,
868 2330 934 2386 post,

111 2397 244 2460 duplicem
263 2398 432 2453 sententiam,
449 2401 478 2445 nt
505 2395 628 2445 videlicet
655 2394 713 2444 brec
736 2394 874 2450 adunatio,
890 2400 936 2445 sut

110 2470 296 2532 generatione,
310 2469 336 2518 id
366 2472 407 2518 εει
433 2470 553 2529 tempore
568 2466 749 2527 generationis
778 2465 935 2530 ejusfleret,

110 2553 170 2589 cum
188 2555 286 2602 corpus
302 2540 419 2589 hominis
435 2541 485 2588 hoc
499 2539 646 2587 humanum
674 2535 785 2587 minime
815 2550 936 2586 sumere-

110 2615 154 2661 tur
183 2626 213 2660 εκ
239 2611 330 2668 llaria.
360 2616 407 2660 aut
434 2614 571 2673 sumptum
602 2608 711 2672 quidam
727 2623 759 2657 ex
787 2608 871 2658 Maria
889 2624 937 2672 per

110 2683 345 2741 resurrectionem,
376 2682 402 2731 id
429 2684 469 2729 ost
497 2685 616 2742 tempore
640 2680 848 2730 resurrectionis
862 2679 937 2730 lieret

111 2753 249 2810 adunatio,
280 2754 312 2804 de
342 2754 461 2816 utrisque
486 2751 593 2815 quidem
622 2752 743 2813 partibus
770 2749 877 2808 idonee,
906 2756 937 2801 at

110 2825 233 2882 arbitror,
249 2825 414 2884 disputatum
430 2829 478 2880 εει,
494 2827 521 2872 ει
535 2822 607 2886 quod
624 2822 681 2872 haec
705 2822 842 2876 adunatio.
861 2822 936 2872 nullu

111 2898 239 2959 tempure,
256 2896 457 2945 nullaomnino
485 2895 588 2944 ratione
619 2892 676 2943 lleri
705 2894 803 2956 potuit,
829 2895 937 2943 domon-

111 2971 224 3016 stratum
241 2970 290 3016 eal.

142 3038 215 3086 Nunc
241 3037 418 3102 querendam,
447 3037 510 3102 etc]
534 3035 609 3095 Orrud
635 3037 662 3086 in
685 3036 790 3099 prologi
815 3038 855 3086 sui
871 3051 974 3121 pra-c

111 3108 211 3159 latione
240 3109 371 3170 promisit,
404 3109 544 3171 hucusque
575 3107 728 3170 partitionis
754 3123 810 3158 susa
832 3112 937 3159 servato

111 3182 206 3230 ordine
224 3188 367 3231 essecutus
392 3188 441 3237 est,
472 3181 523 3230 hoc
550 3184 601 3241 εει,
633 3180 749 3243 primum
778 3181 892 3231 Nestorii
914 3188 940 3232 el

112 3251 249 3314 Eutychis.
266 3254 336 3301 inter
351 3267 379 3301 se
397 3251 515 3301 invicem
544 3252 696 3301 contrarios
724 3253 815 3313 posuit
830 3257 856 3302 et
878 3256 939 3304 sub·

114 3325 197 3374 movit
211 3339 326 3384 errores,
343 3325 440 3374 dainda
468 3324 533 3382 uuid
562 3323 696 3373 catholica
723 3322 790 3373 ildes
820 3325 940 3376 medium

112 3401 202 3446 teneat
216 3396 318 3446 docuit.
334 3397 427 3445 Solent
443 3401 532 3445 autern
549 3394 715 3458 philosophi,
731 3395 753 3444 ai
778 3409 833 3459 qua
848 3402 942 3447 tracta·

113 3468 186 3516 tibus
204 3466 260 3515 suis
275 3468 392 3517 viderint
409 3468 572 3530 necessaria,
600 3467 642 3516 vel
668 3481 730 3530 quae
756 3466 824 3517 lurte
851 3468 941 3531 inuui-

114 3538 354 3597 sitiunedignaex
375 3539 463 3588 verbis
492 3539 548 3589 suis
574 3553 652 3601 possa
681 3552 819 3599 emergere
848 3554 941 3591 sense·

114 3607 177 3669 rint,
195 3613 242 3658 aut
270 3614 332 3660 ante
358 3609 529 3659 liminaribus
559 3609 665 3672 paginis
696 3614 825 3673 tanquam
856 3612 943 3673 prole·

113 3693 226 3742 gumane
244 3695 409 3745 praeponere,
425 3686 471 3731 aut
488 3682 614 3731 omuibus
634 3680 773 3743 expositis.
788 3686 834 3731 aut
861 3684 941 3733 etiarn

114 3750 280 3814 epilogorum
317 3752 445 3801 brevibus
486 3751 756 3814 recapitulationibus
796 3753 942 3810 Trinitatis,

114 3827 287 3885 postponere.
317 3824 392 3883 Quod
425 3825 553 3888 quoniam
581 3825 694 3886 expositi
726 3824 816 3887 operis
841 3831 942 3888 auctor,

115 3896 141 3941 et
155 3907 186 3942 ex
205 3893 383 3952 plurimorum
401 3899 564 3944 tractatuum
594 3893 766 3948 lectionibus.
790 3897 816 3944 ει
844 3898 944 3946 ειεειίε

115 3965 231 4026 proprias
261 3966 381 4015 consalta
410 3966 514 4016 ratione
544 3966 685 4024 didicerat,
716 3965 801 4015 ruluit
828 3980 860 4016 ea
883 3983 944 4031 quae

115 4048 172 4084 suae
186 4035 365 4101 disputationi
396 4038 597 4101 quodammodo
625 4036 701 4086 utilia
728 4035 788 4085 visa
813 4042 887 4095 sunt,
917 4045 944 4090 et

120 4106 178 4169 ejus
194 4111 283 4157 tamen
300 4110 395 4158 seriem
412 4108 447 4157 ibi
475 4112 589 4158 tractata
617 4107 769 4168 turbarent,
786 4108 857 4158 calce
883 4125 946 4174 per·

119 4178 183 4228 lacti
200 4179 291 4240 orieris
319 4185 437 4242 tangere,
462 4184 488 4229 el
516 4180 563 4240 sic,
587 4180 715 4243 quoniam
745 4181 946 4241 pernecessaria

119 4255 192 4305 sunt.
221 4253 357 4303 memorie
387 4252 587 4302 commendare.
617 4251 681 4302 limo
707 4257 795 4302 autem
821 4254 946 4304 sunthu-

119 4330 426 4375 maumnaturaestatus
455 4324 564 4382 diversi,
592 4323 717 4374 videlicet
745 4328 772 4374 et
800 4330 945 4389 antequam

117 4399 240 4455 peccaret
256 4396 346 4453 bomo,
362 4401 388 4447 et
403 4401 545 4458 postquam
572 4396 700 4458 peccarit,
716 4401 743 4445 ει
765 4395 788 4445 is
812 4398 858 4461 qui
882 4397 907 4446 ei
921 4390 944 4448 ai

118 4480 174 4515 non
201 4473 338 4531 peccasset
366 4468 476 4517 daretur
504 4469 533 4516 in
558 4469 707 4529 praemium.
726 4467 859 4526 Quoniam
880 4483 945 4533 ergo

120 4535 162 4585 liis
187 4551 249 4598 orias
268 4539 346 4589 dicire
375 4542 441 4588 suut
477 4537 732 4588 ratiocinationibus
764 4541 866 4589 clarum
895 4546 944 4600 est,

118 4605 253 4657 Christum
270 4622 351 4658 unam
378 4621 523 4673 personam
553 4622 622 4666 esse,
638 4613 665 4658 et
679 4609 706 4657 ln
722 4610 781 4671 ipso
796 4610 855 4658 sinu
879 4623 944 4658 con-

119 4677 333 4742 laaiunealiqaa
351 4679 450 4729 divinas
480 4683 584 4729 naturis
615 4679 762 4729 humanam
793 4693 850 4729 esso
879 4694 946 4730 con-

118 4748 246 4807 junctam.
273 4755 344 4800 recle
375 4750 508 4814 quaeritur
535 4751 562 4799 in
593 4764 647 4813 qno
685 4750 812 4800 hnmanae
841 4755 946 4801 naturae

120 4823 190 4868 statu
208 4819 328 4871 Christus
343 4820 428 4871 lactus
446 4825 487 4872 est
506 4821 597 4872 bomo.
611 4823 687 4871 Hanc
715 4821 803 4885 itaque
818 4821 944 4885 quaestio·

121 4904 181 4939 nem
198 4892 282 4954 primo
298 4893 466 4956 argumentis
481 4898 616 4956 qnatenus
644 4893 767 4943 videatur
797 4894 824 4942 in
844 4895 947 4943 dubita·

119 4963 221 5012 tionem
248 4964 366 5022 adducit,
393 4970 487 5026 postea
516 4964 713 5015 dubitationem
730 4970 848 5014 statuum
877 4965 945 5014 disi·

120 5034 194 5083 sione
220 5035 331 5085 decutit.
358 5035 405 5085 Ait
433 5047 520 5099 ergo:
548 5034 625 5085 Nunc
653 5037 728 5098 quasi
768 5036 896 5099 expositis
921 5040 948 5086 ει

119 5105 263 5157 destructis
288 5107 425 5156 erroribus
456 5106 572 5157 Nestorii
609 5111 636 5157 et
664 5107 800 5170 Eutychis,
839 5111 947 5158 ostensa

119 5177 315 5227 catholicorum
345 5178 502 5237 fidennam
532 5191 750 5240 assepersonam
775 5177 882 5239 Christi,
900 5178 945 5228 sed

120 5248 240 5312 ejusdem
256 5251 391 5311 geminam
416 5262 474 5299 esse
504 5253 627 5298 naturam
651 5248 847 5306 confitentium,
872 5264 946 5312 uuae·

120 5320 286 5369 rendumust
307 5320 443 5383 quomodo
472 5319 528 5368 fleri
556 5317 675 5381 potuerit
700 5323 730 5368 ut
754 5322 815 5368 duas
843 5325 947 5369 naturus

118 5392 185 5440 adeo
213 5392 337 5451 diversis,
365 5393 438 5456 quod
467 5391 542 5441 nullo
570 5391 642 5440 inter
668 5404 696 5440 se
732 5405 839 5453 genere,
871 5392 947 5442 nulla

119 5462 224 5512 ratione
239 5466 399 5523 auriformes,
416 5462 509 5512 divina
533 5459 637 5510 scilicet
660 5465 687 5510 ει
707 5462 836 5521 hnmana.
853 5465 947 5513 mises-

120 5540 222 5593 reatur,
243 5537 293 5587 boa
314 5541 365 5596 eat,
394 5533 588 5598 conjunctione
618 5533 734 5597 quadani
765 5536 823 5584 sins
852 5537 946 5586 conlo-

119 5607 194 5654 aione
212 5607 254 5655 sni
272 5607 449 5657 convenirent
473 5606 501 5654 in
530 5617 611 5654 unam
639 5605 827 5666 substantiam,
848 5611 878 5656 ut
905 5609 946 5656 ri·

120 5677 215 5726 ileliaet
230 5677 258 5727 in
274 5692 328 5728 auo
344 5677 508 5727 subsistente
524 5675 603 5726 simul
620 5679 720 5738 essent,
737 5683 763 5728 ct
777 5678 810 5726 da
827 5678 873 5727 illo
891 5693 946 5728 uno

121 5752 147 5797 ει
171 5747 252 5800 simul
280 5754 306 5801 ει
334 5750 441 5800 divisim
469 5762 531 5799 rere
560 5745 784 5812 praedicarentur.
812 5750 882 5801 siout
913 5751 946 5801 ds

990 1758 1021 1803 ει
1038 1751 1191 1803 necessario
1209 1751 1403 1801 dissolveretur
1417 1767 1424 1811 ;
1440 1765 1536 1800 aarum
1559 1750 1648 1800 etiam
1681 1751 1744 1797 erat
1763 1760 1820 1809 qus·

989 1823 1050 1874 dam
1067 1822 1228 1874 necessitate
1255 1821 1402 1885 implicitus
1427 1821 1571 1872 affectibus
1595 1818 1821 1883 peccatorum‚id

990 1902 1030 1946 est
1044 1895 1177 1959 peccandi
1192 1895 1394 1957 cupiditatibus.
1411 1908 1443 1944 ea
1457 1907 1518 1958 quae
1534 1893 1578 1942 illl
1593 1892 1653 1942 luit
1670 1904 1753 1954 poeaa
1766 1902 1821 1952 psa·

989 1969 1040 2016 cuti
1070 1967 1218 2028 primorum
1250 1973 1415 2028 pareutum:
1448 1969 1477 2014 ot
1506 1978 1570 2013 cum
1613 1966 1709 2012 morte
1748 1960 1820 2019 (sicat

990 2039 1091 2088 dictam
1122 2041 1172 2098 εει)
1202 2042 1337 2086 teneretur
1365 2037 1519 2091 obstrictus,
1550 2038 1649 2084 tamen
1676 2038 1819 2083 essetrens

989 2113 1067 2161 etiam
1096 2110 1232 2159 voluntate
1259 2107 1396 2172 peccandi,
1424 2123 1480 2165 cur,
1511 2108 1539 2157 id
1573 2113 1617 2156 est
1648 2104 1814 2170 quaratioas

990 2182 1272 2246 poteritaatruiuuod
1303 2180 1330 2229 in
1361 2181 1473 2234 Christo.
1503 2194 1587 2242 quaem
1606 2192 1643 2227 ex
1667 2173 1814 2241 hujusmodi

991 2256 1098 2303 homins
1126 2269 1225 2316 corpas
1253 2250 1544 2314 saarimpsissedicitis.
1560 2264 1659 2312 seqare
1686 2254 1814 2310 peccatum

989 2326 1105 2389 alicuius
1135 2332 1210 2374 nctus
1236 2323 1296 2385 suit,
1314 2338 1401 2387 neque
1429 2325 1506 2373 ctiam
1533 2324 1670 2372 volontas
1700 2321 1816 2383 ullapeu

990 2398 1095 2448 candit
1120 2399 1191 2460 quod
1218 2397 1366 2445 secundum
1388 2393 1617 2458 consequentiam
1647 2391 1816 2454 aliorumqui

990 2485 1024 2520 ex
1040 2468 1224 2530 peccatoribus
1248 2467 1304 2517 nati
1325 2472 1398 2523 sunt,
1423 2466 1521 2515 debere
1545 2480 1607 2515 ease
1631 2464 1781 2525 rideretur,
1795 2466 1817 2511 ει

989 2541 1110 2590 οεεειεο.
1123 2537 1204 2596 Quasi
1220 2552 1226 2585 ι
1241 2536 1281 2586 llli
1296 2539 1342 2601 qui
1356 2536 1453 2587 Christi
1484 2551 1586 2600 corpus
1613 2536 1768 2585 humanum
1789 2546 1817 2582 er

989 2609 1075 2660 Maria
1088 2615 1226 2670 sumptum
1251 2622 1308 2656 esse
1337 2622 1392 2657 nun
1416 2608 1542 2665 credunt,
1569 2608 1609 2655 ita
1636 2610 1773 2669 quaerunt,
1794 2608 1816 2653 rt

990 2696 1084 2733 reuera
1111 2682 1173 2730 talis
1203 2677 1316 2743 quaestio
1344 2680 1426 2729 habet
1468 2677 1680 2728 dubitationem
1716 2677 1816 2728 omnino

990 2753 1268 2812 animadvertendam,
1284 2755 1313 2800 ει
1328 2750 1559 2815 quemadmodum
1584 2748 1759 2814 ambiguitas
1783 2761 1817 2796 tr·

991 2826 1126 2889 gamantia
1153 2823 1270 2872 adducta
1296 2821 1411 2879 videtur,
1442 2824 1478 2870 ita
1512 2835 1629 2885 qnoque
1661 2821 1815 2885 argumentis

991 2900 1131 2959 purgetur.
1147 2892 1249 2951 Quibus
1277 2906 1341 2942 suro
1370 2891 1537 2956 argumentis
1561 2892 1656 2941 videri
1677 2896 1764 2956 potest
1775 2891 1816 2938 ad·

991 2969 1080 3024 ducta,
1100 2971 1126 3016 et
1146 2966 1202 3028 jam
1235 2965 1332 3028 tetigit,
1363 2970 1390 3013 et
1418 2964 1505 3013 adhuc
1536 2965 1674 3025 inculcat,
1691 2964 1813 3013 comsit:

992 3039 1018 3088 Si
1034 3040 1106 3089 enirn
1121 3037 1216 3086 Christi
1239 3050 1338 3099 corpus
1361 3041 1530 3095 assumptum
1558 3041 1603 3085 est
1629 3050 1666 3085 ex
1681 3034 1815 3085 cornaba-

993 3125 1084 3168 mana‚
1099 3111 1129 3158 ut
1144 3110 1235 3171 utiquo
1250 3109 1302 3165 est,
1319 3107 1435 3156 dubitari
1451 3110 1541 3170 potest
1569 3120 1707 3169 quonam
1734 3106 1814 3156 sides·

992 3186 1260 3242 turcssacaroqnae
1289 3184 1428 3241 assumpta
1455 3183 1503 3238 εει,
1534 3176 1672 3229 videlicet
1699 3192 1734 3228 an
1762 3175 1814 3227 talis

993 3254 1080 3316 qualis
1095 3252 1180 3301 Adam
1197 3250 1248 3299 init
1262 3255 1323 3314 post
1351 3255 1551 3313 peccatum,an
1581 3249 1650 3300 talis
1676 3249 1814 3314 qudbiuit

993 3326 1050 3386 ipse
1066 3328 1128 3373 ante
1143 3326 1291 3387 peccatum.
1308 3322 1338 3370 nt
1353 3321 1461 3385 quidem
1489 3322 1553 3370 talis
1574 3328 1726 3385 assumpta
1750 3322 1813 3370 side·

994 3393 1151 3458 longuaile
1179 3393 1262 3442 adam
1289 3392 1340 3441 luit
1378 3397 1438 3455 post
1467 3396 1625 3456 peccatum.
1656 3394 1724 3443 Eum
1749 3392 1812 3456 quad

994 3465 1382 3528 medicinaegentemsalsum
1411 3463 1582 3527 scultenam
1615 3468 1701 3515 etiam
1727 3478 1813 3515 aman·

995 3543 1056 3605 psit,
1074 3540 1101 3590 id
1115 3544 1165 3595 est,
1178 3552 1274 3600 corpus
1289 3538 1361 3601 quod
1384 3538 1417 3588 de
1441 3552 1529 3587 massa
1558 3544 1739 3602 peccatorum
1766 3539 1813 3588 suls

994 3613 1080 3677 gratia
1108 3614 1261 3673 separatum
1289 3611 1443 3673 assumpsit,
1470 3612 1504 3660 ab
1535 3611 1614 3660 omui
1649 3620 1726 3663 reatu
1746 3615 1813 3674 atque

996 3685 1051 3733 vitii
1083 3682 1242 3731 necessitate
1271 3681 1502 3739 liberatum,cum
1531 3682 1763 3747 humana,qusm
1787 3682 1814 3731 si·

995 3755 1103 3811 militer,
1119 3752 1170 3802 hou
1182 3757 1221 3801 εει
1237 3766 1286 3817 per
1313 3753 1394 3803 sulam
1423 3754 1536 3816 gratiam
1559 3757 1716 3818 assumpsit
1728 3755 1813 3809 auius,

996 3823 1372 3889 eadamgratiagluriilcavit.
1401 3823 1447 3873 Sin
1475 3837 1540 3873 reru
1564 3826 1654 3875 talem
1682 3826 1814 3877 homiuem.

995 3903 1047 3952 huc
1063 3906 1103 3950 εει
1118 3898 1264 3948 humanam
1292 3902 1424 3954 naturam.
1454 3899 1536 3947 talem
1565 3902 1721 3964 assumpsit
1742 3898 1815 3964 quis

996 3975 1079 4025 tilam
1113 3971 1165 4019 tuit
1197 3976 1259 4018 ante
1288 3969 1524 4031 peccatumlquod
1550 3971 1652 4034 ntique
1675 3972 1758 4021 lacere
1780 3984 1816 4033 pu

997 4044 1058 4097 tuit.
1076 4041 1203 4105 quoniam
1219 4041 1268 4090 etsi
1286 4041 1318 4089 de
1333 4040 1530 4104 peccatoribus.
1556 4046 1586 4090 et
1615 4056 1669 4105 per
1691 4045 1815 4106 peccatam

997 4115 1105 4179 genitis,
1132 4125 1187 4161 noa
1211 4116 1303 4160 tamen
1325 4125 1374 4172 per
1402 4115 1541 4173 peccatum
1568 4112 1627 4163 boo
1651 4116 1817 4165 estministrs

998 4184 1121 4249 originali
1140 4183 1358 4245 eoncupiscentia
1370 4196 1468 4245 corpus
1481 4182 1641 4235 humanum
1665 4186 1815 4248 assumpsiti.

997 4260 1103 4308 videtur
1117 4254 1226 4316 guidem
1246 4253 1422 4317 assumpsisse
1444 4256 1578 4317 integram
1603 4257 1753 4309 humanam
1776 4270 1817 4306 as·

998 4337 1096 4389 turam,
1121 4326 1167 4375 sed
1198 4331 1288 4375 tamen
1317 4327 1397 4375 talem
1426 4340 1486 4391 quie
1515 4330 1631 4389 penitus
1661 4345 1717 4380 nou
1742 4334 1818 4393 egeret

961 4400 1143 4481 Dmcdicina,
1168 4412 1222 4461 qua
1248 4398 1384 4448 diceretur
1413 4399 1545 4448 salvanda
1572 4402 1636 4451 sive
1666 4401 1773 4451 salssta
1794 4400 1817 4450 Sl

1001 4478 1091 4524 auteur
1120 4470 1284 4519 concedatur
1312 4468 1391 4519 talem
1417 4471 1601 4533 assumpsisse
1630 4473 1719 4535 qualis
1745 4471 1817 4522 adra

999 4545 1128 4594 irritante
1156 4544 1303 4601 peccatum.
1331 4541 1461 4603 quaeritur
1487 4543 1634 4603 quomodo
1664 4543 1721 4593 lieri
1744 4546 1818 4606 potest

1000 4621 1029 4665 ut
1046 4614 1124 4663 talem
1137 4611 1286 4668 hominem.
1315 4610 1367 4659 huc
1391 4615 1431 4660 εει
1455 4610 1610 4661 humanam
1641 4619 1763 4664 naturam
1785 4627 1818 4662 ss·

1000 4682 1146 4749 sumpserit
1173 4682 1260 4744 qualis
1288 4681 1373 4731 Adam
1401 4681 1452 4731 luit
1478 4687 1542 4732 ante
1578 4693 1734 4746 peecatum.
1762 4685 1816 4735 Can

1000 4763 1064 4808 tuuc
1090 4770 1118 4803 m
1144 4753 1228 4802 Adam
1255 4766 1313 4803 esse
1344 4754 1470 4815 potuerit,
1486 4757 1513 4802 et
1541 4753 1646 4805 ellectu
1684 4761 1817 4806 munerata

1001 4832 1041 4877 est
1067 4825 1149 4874 luisse
1177 4825 1306 4886 peccandi
1336 4824 1461 4872 voluutas
1488 4827 1571 4887 atque
1610 4825 1728 4877 affectio.
1754 4826 1816 4877 Unde

1000 4901 1099 4949 lactum
1116 4901 1164 4953 εει,
1180 4894 1207 4944 id
1236 4900 1276 4945 eat
1301 4908 1332 4945 ex
1349 4908 1403 4957 qua
1426 4896 1565 4945 voluntate
1598 4904 1679 4948 aetna
1693 4899 1815 4963 processit.

1000 4970 1145 5022 utscilicet
1170 4981 1225 5017 nun
1252 4967 1331 5017 modo
1359 4971 1387 5016 ia
1412 4982 1440 5016 ro
1470 4967 1504 5017 de
1528 4982 1587 5031 qua
1617 4985 1676 5021 non
1703 4972 1816 5021 babuerat

1001 5047 1165 5107 praeceptum
1194 5039 1372 5102 delinqueret,
1402 5051 1493 5088 verum
1531 5040 1619 5092 etiem
1664 5048 1815 5107 proserpat

1001 5115 1038 5162 sis
1053 5112 1150 5161 divinis
1168 5110 1318 5172 praeceptis,
1334 5109 1431 5173 quibus
1446 5110 1545 5159 dictum
1561 5116 1608 5163 est
1633 5113 1680 5164 ei:
1700 5114 1737 5164 De
1755 5112 1816 5176 ligus

1001 5186 1122 5233 scientiae
1138 5182 1202 5230 boni
1217 5189 1244 5230 et
1258 5181 1320 5229 mali
1337 5195 1370 5229 ne
1400 5182 1535 5237 comedas,
1563 5181 1760 5234 inobedientis
1780 5182 1816 5231 dr·

1001 5255 1072 5306 lictis
1100 5256 1236 5302 teneretur
1266 5251 1400 5301 astrictos.
1429 5252 1457 5299 lu
1479 5250 1591 5302 Christo
1607 5269 1674 5305 seru
1689 5268 1737 5305 uec
1750 5256 1814 5305 esso

1001 5328 1129 5376 voluutas
1155 5323 1211 5372 ulla
1236 5324 1364 5386 peccandi
1392 5322 1625 5381 crediturlnisse.
1642 5327 1741 5376 nedum
1755 5332 1815 5375 setus

1000 5399 1058 5461 ipse
1074 5398 1185 5460 peccati.
1211 5409 1261 5444 nec
1284 5396 1362 5445 dehet
1387 5395 1469 5452 credi,
1485 5408 1545 5444 cnm
1570 5402 1726 5459 praesertim
1741 5396 1813 5448 sitals

1000 5482 1100 5530 corpus
1128 5467 1274 5530 assumpsit
1299 5466 1420 5516 Christus
1449 5466 1532 5529 quale
1557 5481 1664 5531 corpus
1692 5469 1743 5519 tuit
1761 5468 1813 5517 ,ida

1001 5546 1062 5589 aute
1078 5544 1225 5601 peccatum,
1242 5551 1297 5587 nun
1319 5537 1443 5587 debuerit
1471 5537 1566 5601 aliqua
1591 5542 1750 5592 neceuitats
1768 5551 1813 5589 essa

1000 5608 1379 5672 mortalis:quonianrtdam
1409 5622 1526 5671 qaoque,
1554 5609 1579 5660 si
1606 5624 1665 5663 non
1683 5614 1812 5677 peccasset

1000 5680 1119 5731 creditur
1135 5680 1207 5744 quod
1238 5680 1310 5730 nulla
1337 5680 1441 5730 ratione
1469 5684 1588 5731 morters
1619 5686 1754 5733 sensisset
1776 5679 1812 5730 ἤ

1001 5751 1073 5804 enim
1087 5752 1145 5802 sine
1173 5751 1255 5802 dubio
1284 5764 1365 5816 poens
1393 5751 1498 5816 peccati
1521 5753 1675 5807 neeoemtss
1687 5750 1811 5807 mouisti
