3892 6126
817 315 879 370 alt.
899 313 1011 369 HANL.
1031 311 1112 368 ΒΗ.
1131 309 1250 366 Bonan

809 505 979 596 ursan
1010 456 1273 591 suerrus,

224 834 371 890 consucta
384 831 414 888 ln
431 831 575 904 principio
595 831 719 904 questio
731 833 778 887 est
791 846 845 887 cur
858 833 925 902 post
940 830 1014 888 rela-
1030 833 1054 900 Β
1337 829 1383 886 ns
1402 827 1618 896 edulitatis.

190 921 280 979 tionis
295 919 789 996 predicamentumdisputationem
802 919 953 991 qualitatis
963 934 1014 993 ag·
1105 919 1270 986 Quotitctem
1284 917 1616 986 camedracontes
1629 914 1814 988 quamqualn
1828 915 1893 986 qui·

191 1013 375 1085 gressusest,
386 1010 460 1081 quod
475 1010 565 1066 nimis
576 1009 724 1066 curiosum
736 1007 925 1065 estllirabite
935 1007 1013 1064 enim
1069 1008 1133 1065 dum
1147 1009 1287 1068 dicantar.

191 1100 350 1157 lueratcnr
360 1104 428 1172 post
442 1098 617 1172 quantitatis
642 1099 774 1155 ordinem
789 1115 846 1155 non
863 1097 964 1154 statim
979 1096 1015 1153 de
1104 1091 1897 1172 Hicquarituronrcmniumindisceptationedoctisai·

191 1188 331 1262 qualitate
341 1189 487 1263 caepisset,
503 1189 553 1245 sed
565 1187 703 1260 quoniam
713 1187 868 1259 quantitati
879 1186 1015 1259 quedam
1069 1205 1137 1245 mus
1152 1194 1213 1245 tam
1230 1187 1371 1260 culpabili
1381 1185 1687 1260 quatitatsmtermino
1702 1182 1894 1240 diffinitionis

191 1279 342 1336 relationis
356 1277 524 1347 admiscuit,
539 1281 568 1334 et
582 1276 812 1349 disputationem
824 1278 859 1332 de
874 1275 1016 1332 relatione
1069 1277 1233 1334 incluserit.
1246 1276 1420 1333 volentibus
1431 1277 1510 1332 enlm
1520 1274 1608 1331 nobis
1623 1273 1694 1346 quid
1711 1274 1749 1330 sit
1763 1271 1896 1345 qualitas

190 1366 560 1435 continuavit,idoirconon
570 1366 757 1422 estmirabile
767 1370 833 1438 post
848 1364 1013 1437 expeditam
1070 1367 1155 1436 scire,
1168 1366 1220 1423 illa
1234 1366 1392 1438 respondet
1404 1382 1411 1421 :
1423 1364 1553 1437 qualitas
1562 1367 1607 1420 est
1622 1363 1786 1420 secundum
1802 1376 1895 1432 quam

100 1458 103 1473 '
188 1453 1012 1529 relationisiuterpnsitiouemadqualitatiseumordinem
1069 1450 1900 1529 qualesquidaurdicuntur.Nibiicuimminuseriiobacu·

187 1546 528 1618 revertisse,quanquam
545 1545 633 1601 etiam
644 1561 678 1601 ex
689 1545 745 1601 boc
760 1560 878 1617 quoque
888 1549 967 1598 recta
976 1542 1015 1597 sit
1069 1547 1131 1603 rius
1146 1553 1235 1621 atque
1251 1545 1455 1620 ignorabilius,
1467 1546 1544 1617 quod
1560 1544 1611 1613 ait,
1628 1543 1792 1600 secundum
1805 1557 1896 1613 quam

189 1634 290 1693 series.
306 1634 378 1691 Nam
391 1638 457 1707 post
467 1651 607 1708 magnum
619 1649 800 1706 parvumque
824 1631 925 1689 statim
947 1646 1014 1703 pro·
1069 1637 1172 1708 quales
1183 1636 1336 1704 dicuntur,
1347 1651 1436 1707 quam
1452 1635 1478 1690 sl
1493 1634 1529 1690 de
1544 1634 1610 1706 ipsa
1618 1631 1681 1688 sola
1694 1629 1838 1703 qualitate
1849 1629 1897 1686 dt·

189 1723 284 1798 portio
295 1726 324 1779 et
337 1724 472 1795 quadam
481 1725 518 1781 ad
527 1723 606 1779 aliud
622 1722 804 1795 comparatio
812 1719 1014 1792 consequitur,
1068 1726 1169 1783 xiasat.
1185 1729 1259 1781 Nam
1276 1723 1301 1781 si
1317 1723 1359 1780 illi
1375 1727 1445 1780 sunt
1459 1723 1574 1795 quales,
1589 1721 1640 1795 qui
1655 1719 1828 1793 qualitatem
1840 1717 1895 1775 ba·

190 1816 223 1871 ut
232 1813 331 1871 sitaut
341 1811 786 1884 malusautminns,autmqnate
798 1810 844 1868 vel
859 1808 1013 1882 inequale,
1069 1814 1190 1883 bent,ut
1200 1814 1332 1871 sciantur
1341 1811 1540 1887 quales,prius
1552 1809 1680 1884 qualitas
1691 1807 1896 1882 cognoscenda

189 1918 255 1976 qnae
262 1901 376 1958 suntad
388 1900 511 1974 aliquid.
526 1900 671 1958 Posthac
686 1904 785 1957 autem
794 1899 908 1957 innasci
924 1914 1013 1969 quas·
1068 1906 1123 1959 est.
1136 1903 1270 1975 Amplius
1281 1918 1398 1975 qnoque
1414 1900 1488 1957 nibil
1499 1900 1597 1956 differt
1606 1899 1717 1956 dixisse
1726 1913 1792 1955 eam
1803 1894 1898 1970 quali·

189 2007 248 2064 que
259 2007 380 2049 necesse
395 2000 441 2049 est
457 1992 619 2064 passiones,
629 2008 693 2065 qus
709 2009 725 2049 a
741 1990 893 2065 qualitatis
908 1994 1014 2046 natura
1068 1993 1428 2064 tatemsecundnmquam
1438 1990 1540 2063 qualos
1551 1988 1671 2061 quidem
1682 1987 1899 2052 dicuntur,tan·

190 2080 437 2154 noudiscropant‚
449 2085 482 2138 ut
495 2080 607 2152 album,
624 2080 670 2138 val
685 2081 816 2155 nigrum,
830 2077 1013 2137 aeleatidum
1068 2097 1158 2153 quam
1171 2081 1195 2136 si
1206 2080 1391 2136 dicereteam
1403 2096 1468 2136 esse
1482 2078 1653 2150 qualitatem
1678 2093 1742 2149 quic
1765 2073 1896 2148 qualitas

191 2170 236 2228 uel
260 2169 411 2245 trigidum,
426 2169 472 2227 uel
492 2186 675 2244 quascunque
690 2170 737 2227 bis
751 2173 821 2225 sunt
836 2166 1013 2238 consimilia,
1069 2169 1119 2227 sit.
1130 2169 1203 2225 Nam
1215 2168 1437 2241 sicqualitatem
1451 2167 1580 2224 diitinire
1593 2165 1764 2223 volensait:
1783 2168 1899 2222 Emun-

190 2276 255 2333 qnm
265 2259 432 2333 pradicatio
442 2257 593 2332 qualitatis
608 2257 745 2315 includit.
758 2259 810 2315 Est
823 2273 891 2314 uero
906 2254 1014 2312 titulus
1072 2252 1899 2331 dumquamqualesquidamsunt.iiursussiqnisquales

188 2347 280 2421 hujus
296 2348 436 2421 propositi
450 2349 486 2404 de
501 2347 581 2421 quali
597 2348 672 2404 etde
697 2346 850 2419 qualitate.
867 2345 1015 2411 Quaeritur
1071 2347 1472 2422 aliquosdittlniresctuerit‚
1488 2347 1590 2403 eodem
1607 2347 1694 2402 modo
1705 2344 1897 2416 discrepata·

189 2437 266 2493 enim
276 2453 329 2493 cur
343 2436 369 2493 ei
379 2453 437 2493 non
453 2441 505 2492 aut
520 2437 556 2493 de
566 2435 647 2509 quali
663 2436 783 2503 dixisse,
800 2439 852 2492 aut
866 2437 903 2490 de
918 2432 1015 2505 quali·
1070 2437 1119 2506 rit,
1137 2437 1229 2511 quiin
1240 2454 1270 2494 se
1285 2437 1413 2494 retinent
1428 2436 1557 2508 aliquam
1573 2434 1757 2508 qualitatem.
1772 2432 1856 2497 Quod
1873 2430 1900 2488 al

190 2529 250 2583 tate
265 2524 425 2595 suffecerit,
449 2526 528 2599 quod
553 2527 608 2582 boc
630 2526 717 2582 modo
732 2523 866 2580 solvitur.
882 2523 1015 2579 Dicimus
1071 2527 1201 2599 qualitas
1212 2527 1332 2600 quidem
1343 2526 1413 2597 quid
1431 2526 1470 2583 sit
1485 2542 1537 2599 per
1552 2523 1726 2597 quale,quid
1743 2527 1842 2579 autem
1858 2520 1901 2578 sit

191 2616 269 2672 enim
284 2616 370 2687 quate
385 2631 443 2672 non
459 2615 622 2682 uncmodo,
638 2613 809 2686 qualitatem
825 2611 1015 2683 verosimpli·
1071 2614 1168 2687 quale,
1184 2617 1335 2688 superiore
1349 2615 1492 2688 qualitate
1508 2616 1700 2681 monstratur,
1716 2610 1791 2668 nihil
1807 2611 1896 2666 inter·

88 2710 91 2715 '
193 2703 275 2762 citer.
292 2702 382 2768 Quale
399 2704 477 2760 enim
506 2704 634 2761 dicimus
651 2703 784 2776 etipsam
801 2701 1016 2775 qualitatem,et
1071 2704 1127 2759 crit
1140 2703 1236 2760 dicere
1250 2703 1423 2777 qualitatem
1440 2720 1516 2770 esse,
1532 2701 1809 2776 qualitatem,quam
1823 2714 1898 2773 qua·

193 2792 276 2850 illam
292 2809 351 2850 rem
368 2808 432 2865 qua
448 2792 589 2865 qualitate
605 2792 657 2848 illa
672 2791 837 2864 participat,
853 2795 887 2847 ut
912 2789 1016 2846 albedo
1070 2790 1183 2849 litatem
1199 2809 1275 2862 esse,
1288 2794 1451 2851 secundum
1467 2809 1555 2864 quam
1570 2790 1673 2865 quales
1688 2786 1897 2848 dicuntur.Sed

194 2881 312 2954 quidem
323 2881 450 2955 qualitas
464 2884 518 2952 est,
530 2881 579 2952 qui
594 2897 661 2938 vero
680 2880 836 2952 participat
851 2878 1015 2936 albedinem
1071 2877 1897 2956 siordinatadlillniticgencralisctinbocgeneralissimo

193 2972 278 3028 albus
293 2971 410 3028 dicitur.
423 2971 480 3028 Sed
488 2975 517 3027 et
525 2970 691 3027 albedinem
707 2970 803 3042 ipsam
819 2967 1017 3026 cummuniter
1072 2986 1177 3044 genere
1189 2972 1259 3045 poni
1271 2972 1424 3046 potuisset,
1437 2971 1679 3043 rectoculpabilis
1693 2966 1898 3027 determinatio

193 3060 282 3134 quale
294 3061 432 3125 dicimus,
444 3061 474 3117 id
489 3064 534 3117 est
548 3060 643 3133 ipsam
658 3060 773 3133 proprie
789 3059 972 3132 qualitatem,
988 3061 1016 3113 et
1072 3061 1315 3120 uideretunNunc
1331 3067 1428 3117 autom
1440 3062 1547 3117 trustra
1559 3057 1897 3129 contenditur,cumjam

193 3147 294 3206 album
310 3149 437 3206 dicimus
453 3149 550 3222 quale,
566 3149 638 3206 illud
660 3149 770 3206 seilicet
785 3150 863 3222 quod
879 3147 1016 3221 superius
1071 3152 1116 3224 (ut
1127 3167 1204 3225 sosps
1214 3152 1387 3224 dictumest)
1400 3151 1606 3224 descriptionis
1619 3150 1716 3223 potius
1732 3148 1796 3205 loco
1817 3146 1898 3205 bunc

193 3237 406 3309 comprehensa
416 3237 558 3309 qualitate
566 3237 779 3309 participabile
794 3253 862 3309 ergo
878 3241 907 3293 et
921 3237 1015 3308 ipsam
1071 3236 1898 3313 terminumquamalicujusdiltluitionisaddideritono·

194 3324 366 3399 qualitatem
383 3329 411 3382 ot
425 3342 486 3382 rem
502 3341 567 3398 qua
577 3325 720 3392 qualitate
735 3324 898 3397 participat,
915 3322 1015 3395 qualia
1072 3329 1627 3405 circasidesignatiotantumquodam,
1642 3326 1896 3402 etquodammodo

195 3415 390 3472 communiter
405 3414 598 3487 appellamus,
614 3414 743 3487 qualitas
758 3430 826 3470 vero
841 3413 1016 3485 simpliciter
1073 3420 1259 3477 adumbratio
1275 3420 1317 3477 rei
1332 3421 1398 3492 eju.
1412 3420 1448 3477 de
1464 3437 1522 3493 qua
1537 3420 1688 3489 qumans,
1703 3421 1733 3473 at
1745 3433 1805 3474 non
1817 3414 1895 3471 dilit-

195 3504 314 3562 dicitnr.
332 3505 385 3561 ties
395 3505 474 3560 enim
494 3503 559 3576 ipsa
574 3520 638 3576 quo
650 3501 817 3576 participari
830 3506 937 3576 potest,
952 3499 1015 3558 ⁸⁰¹8
1073 3510 1146 3567 nitio
1161 3514 1216 3578 est,
1233 3512 1361 3568 absurda
1376 3509 1525 3568 calumnia
1540 3514 1595 3579 est,
1614 3509 1703 3566 rebus
1732 3507 1896 3566 notioribus

195 3593 324 3667 qualitas
337 3594 517 3650 nominatur.
528 3593 584 3649 Res
598 3609 666 3649 vcro
680 3608 745 3664 quc
762 3591 927 3664 participat,
943 3605 1015 3663 qut·
1030 3571 1052 3639 c
1073 3615 1119 3656 ros
1133 3600 1289 3672 ignotiores
1297 3601 1469 3673 probantem
1477 3617 1535 3656 non
1545 3601 1774 3671 antcpsrspecta
1783 3594 1895 3654 descri-

196 3684 290 3742 litatis
300 3685 505 3742 vocabulonun
515 3687 642 3752 tenetur,
654 3688 696 3751 ut,
705 3682 809 3740 albedo
819 3681 1017 3757 qualitasqui·
1072 3689 1182 3760 ptionis
1193 3690 1303 3746 ratione
1312 3688 1519 3762 culpare.lllnd
1532 3692 1630 3744 autem
1639 3686 1706 3761 quis
1716 3686 1833 3744 dubitet
1843 3699 1895 3741 no·

196 3773 263 3830 dem
276 3776 332 3842 est,
347 3771 432 3829 albus
449 3789 516 3831 vero
527 3772 654 3845 qualitas
663 3789 721 3829 non
733 3772 936 3830 estllilleruut
950 3787 1018 3844 crgo
1071 3776 1159 3833 tiores
1168 3792 1231 3833 esse
1242 3792 1292 3834 eos
1302 3776 1351 3847 qui
1362 3775 1463 3847 quales
1473 3781 1552 3845 sunt,
1560 3774 1610 3832 illa
1624 3774 1689 3848 ipsa
1700 3789 1735 3829 sx
1746 3788 1806 3845 qun
1820 3787 1895 3845 qua·

191 3860 246 3917 boc
258 3862 334 3935 qnod
348 3861 475 3918 dicimus
487 3861 573 3935 quale
585 3865 614 3918 et
629 3861 769 3933 qualitas,
782 3861 857 3932 quod
873 3861 942 3918 illud
959 3863 1016 3919 dn·
1071 3862 1114 3920 les
1125 3865 1265 3923 dicuntur
1284 3865 1433 3940 qualitate,
1449 3868 1482 3920 ut
1496 3865 1619 3937 quilibet
1634 3863 1720 3921 albus
1741 3863 1841 3920 notior
1854 3864 1896 3919 ast

190 3948 316 4022 pliciter,
332 3949 384 4006 ilia
396 3951 572 4022 simpliciter
583 3949 761 4023 appellatur.
776 3949 1016 4023 Quocircaquau·
1072 3952 1134 4025 ipsa
1142 3954 1277 4012 albedine
1288 3955 1382 4011 iNam
1395 3954 1528 4011 siaibsdn
1539 3952 1665 4026 qualitas
1675 3951 1894 4020 est‚albusrsrn

190 4037 749 4113 quamquidamnegenthnnctitulum
762 4039 1015 4112 Aristotelisesse,
1070 4044 1107 4100 ab
1123 4043 1269 4113 albedine,
1294 4046 1323 4101 id
1352 4044 1597 4117 estaqualitate‚
1614 4041 1825 4099 denominatus
1838 4044 1892 4111 eat,

189 4126 1014 4202 idemqueconfirmentpostericrssadjectiuncsignaturn,
1069 4131 1155 4189 albus
1170 4134 1226 4190 erit
1241 4133 1339 4207 qualis
1350 4133 1519 4190 nourinatus
1535 4132 1571 4189 ab
1584 4132 1720 4189 albedine
1742 4129 1892 4201 qualitate.

188 4232 242 4272 nos
261 4220 358 4272 tamen
370 4217 496 4273 dicimus
509 4217 792 4289 propterquamdnm
809 4218 962 4274 nominum
974 4218 1013 4275 si·
1069 4220 1150 4284 Quod
1165 4222 1202 4289 si,
1219 4228 1252 4278 ut
1267 4224 1378 4280 dictum
1393 4227 1447 4292 ost,
1461 4223 1557 4279 notior
1572 4220 1655 4277 albus
1677 4225 1724 4277 est
1746 4218 1892 4291 albedine,

189 4304 1014 4379 mititudiusmdemonstrandamutrumqueposuisse,ut
1069 4309 1166 4382 qualis
1185 4311 1282 4368 notior
1311 4311 1367 4369 erit
1396 4311 1547 4384 qualitate,
1580 4309 1656 4367 sicut
1682 4309 1893 4383 grammaticus

190 4391 264 4449 nibil
277 4393 386 4450 distare
400 4395 534 4452 videatur
551 4399 650 4451 utrum
667 4395 756 4468 quale
778 4412 814 4451 an
830 4395 966 4467 qualitas,
982 4397 1011 4453 id
1068 4417 1187 4474 quoque
1202 4402 1299 4460 notior
1312 4407 1357 4459 est
1370 4402 1574 4475 grammatica.
1591 4400 1894 4473 Grammaticusquc·

188 4482 265 4554 quod
276 4483 444 4554 appositum
456 4490 499 4539 est
510 4483 894 4555 praedicamentumdicatur
905 4502 912 4554 ;
924 4487 1012 4558 quate
1067 4506 1126 4562 qus
1141 4491 1238 4564 qualis
1248 4496 1294 4548 est
1304 4491 1524 4560 denominatus,
1540 4489 1683 4547 sciliceta
1697 4488 1894 4562 grammatica

187 4571 265 4627 enim
277 4569 373 4642 ipsam
382 4570 538 4645 aliquoties
549 4573 811 4647 rem(utdiximus)
823 4572 1011 4646 qualitatem·
1067 4578 1218 4651 qualitate.
1235 4580 1340 4637 Omnia
1352 4580 1430 4636 enlm
1447 4597 1512 4653 qua
1523 4579 1660 4637 sensibus
1675 4579 1811 4650 subjecta
1825 4580 1895 4635 sunt

187 4675 243 4731 qne
256 4659 415 4733 signillcat.
432 4663 476 4719 Sit
493 4678 562 4736 ergo
577 4678 612 4719 ex
634 4663 723 4718 rebus
738 4667 857 4734 sumpta
871 4663 1010 4722 diffinitio
1066 4665 1180 4724 notiora
1194 4673 1264 4724 sunt
1280 4668 1365 4725 nobis
1380 4685 1467 4740 quani
1483 4685 1518 4725 ea
1533 4685 1597 4741 quas
1612 4667 1752 4725 sensibus
1779 4683 1840 4724 non
1854 4674 1894 4724 te·

186 4748 434 4821 qualitatisonud
446 4768 513 4808 varo
524 4751 1010 4825 inquamditllnitiouern,quodqne
1066 4760 1184 4813 nentur.
1201 4759 1295 4824 Quare
1311 4757 1384 4814 nihil
1398 4758 1522 4830 impedit
1536 4758 1754 4814 describentem
1775 4761 1807 4814 et
1820 4771 1895 4829 qno·

185 4838 323 4910 superius
333 4840 363 4895 in
379 4839 446 4896 aliis
458 4856 575 4912 quoque
585 4840 830 4913 predicamentis,
846 4839 947 4896 eodem
959 4859 1009 4898 su·
1064 4844 1220 4903 dammodo
1237 4853 1373 4904 naturam
1392 4847 1432 4905 rai
1448 4848 1560 4919 ejusde
1574 4862 1634 4919 qua
1648 4844 1793 4920 quaeritur
1817 4843 1895 4903 desi·

186 4942 253 4983 mus
265 4927 312 4983 usi
332 4926 587 4994 vocabulo,nuilus
604 4926 763 4984 arbitretur
782 4926 947 5000 generalem
964 4946 1011 4987 me
1025 4941 1050 5007 ῃ
1064 4939 1216 5006 guantem,
1230 4953 1276 4992 res
1288 4936 1445 5008 ignotiores
1461 4935 1627 4993 notioribus
1643 4934 1819 5009 approbare.

185 5014 393 5074 diffinitionem
408 5015 536 5073 voluisse
545 5017 672 5088 signare,
688 5015 740 5073 sed
751 5015 936 5074 diffinitionis
957 5035 1009 5076 no·
1099 5022 1891 5098 Ertuutemqnotitoseorumquaemattiptica‘terdr'caatar,

186 5120 253 5161 men
265 5105 294 5160 in
310 5123 372 5163 rem
384 5105 591 5179 descriptionis
602 5105 772 5177 accipiatis
790 5104 836 5162 bis
851 5106 929 5163 enim
945 5125 1009 5181 qus
1064 5111 1892 5187 eranaquiremspeciesqaatttartatatttasetdupostttott·

185 5192 412 5266 generalissima
423 5210 530 5268 genera
540 5198 623 5261 sunt,
639 5193 776 5250 dildnitio
792 5195 880 5266 quari
897 5213 954 5252 non
967 5199 1011 5255 de·
1064 5203 1149 5259 citor.
1165 5204 1364 5276 Diffcrtcutem
1376 5204 1485 5262 babitus
1499 5221 1516 5259 n
1531 5203 1724 5278 dispositione,
1741 5204 1820 5276 quod
1831 5217 1894 5276 pcr-

184 5281 245 5351 bst,
261 5287 312 5341 sod
328 5284 485 5357 descriptio
500 5285 633 5357 quadam
650 5288 773 5353 naturae,
785 5301 844 5342 non
859 5287 938 5342 enim
959 5305 1009 5361 po·
1063 5294 1222 5349 massutior
1231 5304 1257 5349 et
1264 5293 1426 5351 diuturnior
1435 5301 1486 5351 est.
1506 5292 1583 5351 lutea
1592 5298 1757 5352 notoncurt
1766 5291 1893 5351 edentia

183 5372 376 5431 testinnoniri
392 5373 531 5430 ditllnitio
546 5375 610 5446 ejus
626 5373 667 5431 rei
683 5390 747 5447 quos
762 5390 856 5447 genus
879 5375 943 5449 ipsa
959 5378 1008 5450 sit,
1064 5383 1895 5457 castrantes-scientiarumeiucrareaaepermccenttamet

183 5463 212 5517 et
228 5476 291 5534 quc
301 5477 396 5536 genus
411 5461 526 5519 nullum
542 5462 659 5520 babeat.
675 5462 816 5528 Quocirca
839 5462 886 5520 his
902 5482 1009 5540 propo·
1063 5470 1895 5546 eoramqcaedifficillimemoueanturtrr'qur'eoctmcdr‘ocrt·

182 5547 365 5624 sitiantque
384 5556 471 5608 antea
495 5551 676 5624 constitutis,
696 5551 894 5624 incipiendum
910 5559 954 5612 est
972 5557 1008 5615 ds
1062 5561 1512 5635 tereumotrcieutiam,cleitorte
1525 5561 1640 5635 prandia
1660 5563 1838 5636 permutatio
1849 5566 1895 5636 tu·

181 5637 332 5712 qutlittie·
1062 5652 1111 5707 cto
1120 5650 1170 5721 eit,
1185 5649 1229 5708 vel
1237 5651 1546 5725 reconsecrationi
1556 5651 1652 5726 utiquc
1660 5651 1836 5725 hujumodi.
1848 5649 1896 5710 di·
