3892 6126
110 235 165 294 575
748 234 808 289 stt.
827 229 940 287 utilia.
960 228 1042 285 ERV·
1079 229 1199 286 Romi
1764 232 1823 290 576

147 360 285 429 Quoniam
295 373 361 429 erpo
371 359 397 414 si
406 358 468 431 quie
477 357 723 429 simpliciterdtcot
730 355 934 429 complexiones
949 352 977 418 Α
990 352 1134 423 accidens,
1150 353 1258 423 quoties
1270 359 1319 410 aut
1333 355 1492 412 accidentia
1506 355 1564 412 duo
1586 357 1621 413 de
1643 355 1821 428 substantia,

108 450 180 523 fieri,
192 448 692 522 plurimoiruconoeoieotiocoutioqit
706 444 925 514 diceremooises
991 448 1040 497 aut
1054 444 1188 500 accidens
1199 445 1382 501 deaocidenti
1396 445 1517 516 alicujus
1533 447 1694 504 substantia
1708 450 1820 517 prasoi-

110 547 169 596 tnm
181 544 232 593 est.
250 537 492 606 Quemadmodum
508 547 600 592 uatem
614 536 772 608 ponendam
797 537 835 591 eit
863 549 937 588 noae
991 542 1089 600 catur;
1106 533 1163 588 alia
1177 549 1243 589 vero
1261 550 1316 590 non
1347 537 1504 591 secundum
1531 537 1676 598 accidens.
1703 541 1819 609 quoties

111 627 240 685 dicimos.
258 631 360 683 Eorum
377 627 466 695 toron
480 641 544 697 quae
557 623 938 696 prraedicontur,etdequiooe
991 621 1248 695 aliquiddeaiiqno
1259 623 1483 680 substantialiter
1500 625 1615 681 dicitur.
1635 625 1742 682 Eorum
1769 628 1820 699 igi·

110 717 301 790 praedr‘oorrtar
315 732 483 788 quecunque
497 716 647 772 secondom
661 716 935 783 oceideosdioonlor,
993 721 1037 768 tur
1050 728 1227 783 quecunque
1242 716 1399 770 secundnm
1416 715 1550 771 accidens
1560 716 1704 783 dicuntur,
1716 734 1820 775 eorum

111 808 154 864 oei
166 807 198 863 de
212 806 316 873 eodem,
331 807 374 861 vel
389 807 507 861 alteram
525 807 560 861 de
575 806 672 874 allero,
688 806 747 863 limo
774 822 830 860 noo
856 807 937 859 eruet
992 804 1033 858 rel
1047 806 1069 858 si
1080 804 1381 860 duosuntaccldentia
1398 806 1470 861 etde
1488 809 1587 861 eodem
1613 807 1819 878 praedicentur,

111 915 209 965 arram,
224 906 255 954 ut
266 898 344 953 bomo
358 898 481 952 albescet
491 899 658 962 otmueicus,
668 897 715 952 sed
735 914 791 953 non
811 900 851 952 est
865 895 937 952 idem
993 894 1034 949 rel
1047 893 1070 949 ει
1081 895 1201 951 ιιιειιιιιι
1218 895 1353 951 occidens
1369 896 1404 950 de
1418 896 1508 951 altero
1529 896 1670 953 accidenti
1695 898 1821 970 dicatur,

111 983 937 1058 musicumeoolbem-occidentiaenimsaotutroqueei·
991 983 1416 1053 exbisnonpotestnnafieri
1446 984 1620 1054 pradicatio,
1651 1003 1744 1056 neque
1767 989 1823 1043 erit

114 1075 185 1143 dem,
201 1092 250 1132 neo
263 1077 290 1131 ιι
303 1077 398 1131 olium
413 1077 549 1130 maricam
566 1092 659 1131 oerum
673 1087 712 1131 est
726 1076 827 1147 dicere,
846 1083 938 1130 teroem
993 1087 1081 1128 unum
1091 1072 1114 1128 si
1123 1072 1302 1142 iunctasiot,
1314 1079 1343 1128 ut
1354 1073 1439 1129 bomo
1450 1081 1475 1127 ot
1487 1072 1569 1128 albus
1580 1081 1633 1144 εει,
1642 1084 1669 1130 ει
1678 1076 1822 1145 musicus,

112 1164 937 1236 eritalbommasicamunamaliqnid,seeondumoccidens
990 1162 1087 1217 album
1104 1162 1184 1217 enim
1201 1164 1355 1228 musicum,
1371 1164 1506 1235 quoniam
1523 1164 1553 1218 lo
1578 1179 1663 1219 unum
1695 1167 1819 1221 sormam

113 1257 189 1313 enim
203 1256 299 1310 olbam
313 1256 450 1310 musicam
466 1253 579 1311 dicitur.
598 1256 689 1323 Quare
702 1271 757 1310 aon
773 1255 824 1309 erit
843 1254 938 1309 olbam
993 1267 1051 1306 non
1067 1259 1255 1319 concurrunt,
1272 1267 1328 1307 non
1344 1251 1452 1307 iaciunt
1471 1268 1558 1307 urtam
1575 1253 1820 1323 propositionem.

115 1343 466 1415 musicamuoamoliquid‚
479 1343 842 1416 quocirconecoilioraedos
853 1343 939 1399 bonus
993 1339 1054 1396 Non
1064 1340 1140 1396 enim
1152 1340 1225 1395 idern
1236 1352 1278 1396 εει
1287 1341 1383 1396 elbum
1394 1340 1584 1407 etmnsicum,
1597 1349 1718 1411 utraque
1741 1343 1821 1398 ειιιιιι

64 1430 67 1435 ’
111 1433 289 1505 simpliciter,
300 1433 347 1489 sed
358 1433 466 1488 onirnol
478 1434 621 1504 tipasam
633 1436 710 1489 enim
720 1432 939 1489 coalescentium
992 1430 1085 1487 eidem
1102 1437 1168 1485 sunt
1182 1429 1353 1497 accidentia,
1368 1446 1425 1486 non
1442 1437 1535 1486 tamon
1547 1431 1623 1485 idem
1632 1439 1715 1486 sunt.
1729 1429 1787 1487 Nec
1798 1431 1823 1486 ει

113 1521 377 1595 oocr'deoedmplias
388 1522 754 1594 neoqaaeoonqueiosarrtin
769 1522 836 1577 otio.
849 1523 939 1590 Qarrre
992 1519 1089 1576 allium
1105 1520 1140 1574 de
1155 1520 1263 1575 musico
1279 1519 1482 1590 predicemus,
1497 1519 1524 1574 id
1554 1523 1598 1574 est
1624 1518 1763 1576 accidens
1786 1520 1822 1576 de

111 1628 198 1685 ireque
212 1613 305 1667 olium
321 1615 490 1684 frequenter,
507 1628 595 1684 neque
609 1612 697 1681 bomo,
715 1612 798 1668 bomo
828 1594 938 1667 animal
993 1607 1146 1676 occidenti,
1158 1608 1250 1665 etboc
1265 1624 1360 1664 rerum
1380 1610 1429 1677 sit,
1451 1624 1508 1663 non
1532 1616 1626 1664 tameo
1643 1624 1764 1666 necesse
1778 1617 1821 1666 est

112 1712 152 1758 εει
166 1702 209 1756 oet
222 1700 319 1771 bipes;
334 1705 397 1756 sant
411 1700 487 1755 enim
500 1702 529 1755 in
543 1701 658 1757 bomine
671 1701 779 1756 animal
802 1705 829 1757 ει
853 1701 936 1771 bipes.
953 1723 978 1789 B
993 1698 1020 1752 id
1030 1699 1102 1768 quod
1114 1699 1253 1754 musicum
1277 1703 1323 1754 esi
1350 1715 1412 1754 esse
1436 1697 1546 1764 album,
1572 1714 1664 1768 neque
1687 1698 1767 1754 enim
1783 1706 1825 1756 εει

149 1790 217 1854 Quas
227 1789 357 1858 superius
373 1790 600 1859 comprehendit,
617 1807 649 1845 ea
667 1806 744 1847 nuno
756 1790 939 1862 apertissime
997 1802 1087 1842 unum
1099 1785 1396 1858 aliquid.rteciderrter
1406 1787 1485 1843 enim
1500 1787 1525 1842 id
1539 1789 1611 1858 quod
1625 1787 1771 1844 musicum
1782 1794 1824 1844 εει

116 1879 225 1933 ιειιοιιε
240 1879 410 1935 ιιειειιιιιιιει
426 1879 536 1947 dicens,
552 1881 586 1935 de
601 1879 647 1935 bis
663 1879 731 1935 solis
745 1882 825 1935 extra
840 1879 943 1950 proedi-
996 1873 1093 1930 eibum
1104 1884 1146 1930 est
1157 1900 1164 1941 ;
1175 1876 1309 1945 quoniam
1324 1878 1402 1931 enim
1415 1876 1538 1944 idipsum
1548 1875 1594 1930 eui
1614 1875 1758 1932 musicum
1775 1890 1826 1933 sc·

116 1967 187 2023 ostis
204 1968 338 2023 veraciter
355 1982 411 2023 non
427 1984 509 2038 posse
525 1984 611 2024 unenr
633 1968 864 2039 predicationem
880 1968 942 2024 lieri
997 1964 1065 2020 cidit
1074 1963 1231 2029 albumest‚
1243 1965 1349 2021 idcirco
1360 1966 1502 2020 musicum
1514 1963 1610 2020 album
1622 1965 1740 2020 dieitur.
1760 1965 1825 2022 Non

118 2071 224 2122 reram,
240 2056 264 2111 ει
276 2057 430 2127 conjuncta
456 2057 524 2124 siut,
537 2072 714 2128 quecunque
727 2056 944 2113 auteceidentia
996 2062 1038 2110 est
1051 2061 1146 2109 sutem
1162 2054 1238 2110 idem
1255 2055 1397 2109 musicum
1412 2052 1520 2109 album.
1537 2054 1697 2120 Quodcirce
1722 2055 1824 2111 eadem

118 2147 448 2211 sonteidem,eutcum
470 2161 561 2203 unum
590 2147 640 2202 alii
669 2148 783 2212 accidit,
811 2148 943 2204 accidens
998 2143 1107 2201 ratione
1121 2150 1242 2210 tenetur,
1260 2150 1289 2198 nt
1303 2158 1359 2198 non
1377 2143 1463 2212 possit
1492 2143 1570 2198 idem
1600 2158 1661 2199 esse
1691 2141 1824 2200 oilbaroe·

119 2233 197 2291 eliud
214 2238 248 2291 de
262 2235 312 2292 iilo
328 2237 470 2293 accidenti
486 2237 668 2308 praedicator.
685 2237 715 2292 si
730 2237 794 2308 quis
816 2237 891 2292 enirn
908 2238 943 2292 dc
997 2232 1167 2302 destrones,
1184 2249 1239 2289 nec
1254 2234 1282 2289 in
1299 2248 1389 2288 unum
1401 2247 1506 2303 corpus
1520 2232 1687 2302 conjuncta,
1719 2232 1823 2288 iaciant

119 2322 235 2380 Socrate
263 2325 340 2381 dicet.
367 2326 502 2395 quoniam
531 2330 660 2381 Socrates
688 2325 862 2382 citharoedus
889 2333 942 2394 est,
999 2337 1086 2378 unum
1102 2322 1222 2393 aliquid,
1238 2336 1398 2393 quanquam
1417 2320 1564 2391 sigillatim
1582 2336 1645 2375 rere
1660 2321 1824 2391 praediceo·

120 2429 221 2469 rursus
235 2412 364 2469 Socrates
376 2414 470 2469 bonus
482 2418 534 2477 est,
546 2414 570 2469 si
582 2423 699 2485 utraque
715 2431 779 2470 vere
800 2416 941 2486 praedicet,
999 2418 1051 2467 tur.
1069 2413 1147 2478 Quod
1165 2412 1188 2465 si
1203 2413 1267 2482 quis
1286 2412 1391 2482 aliquid
1416 2409 1644 2465 substantialiter
1675 2411 1825 2482 praedicet.

117 2502 173 2557 duo
189 2502 346 2558 metuentia
361 2504 396 2558 de
411 2518 470 2558 uno
485 2504 614 2574 subjecto
631 2504 837 2571 predicantis
851 2511 892 2560 est
907 2506 942 2560 de
997 2502 1124 2573 duasque
1140 2517 1185 2555 res
1200 2500 1345 2569 sigillatim
1361 2501 1447 2569 dicat,
1464 2510 1584 2572 possunt
1600 2502 1630 2557 in
1647 2515 1736 2555 unam
1760 2517 1826 2571 pro·

119 2592 246 2649 Socrate.
263 2591 401 2658 Quocirca
418 2606 475 2647 non
492 2599 582 2661 potest
598 2609 632 2647 ex
648 2591 692 2647 bis
708 2593 767 2647 lieri
785 2608 840 2648 uos
869 2609 940 2663 pre·
997 2589 1166 2661 positionem
1183 2591 1284 2656 redire,
1296 2606 1358 2662 qaue
1371 2591 1597 2648 substantialiter
1607 2607 1671 2647 rere
1684 2591 1824 2660 sejuncta

118 2680 233 2750 dicatio,
248 2684 278 2735 ut
293 2679 416 2747 dicatur,
431 2679 561 2736 Socrates
575 2681 748 2737 citbsroedus
773 2679 847 2736 bona
875 2690 915 2737 est
932 2706 940 2751 3
999 2680 1209 2751 separatimque
1224 2689 1373 2750 ponuntur
1386 2697 1393 2747 ;
1404 2680 1489 2737 brimo
1500 2682 1587 2750 errtm,
1600 2695 1666 2735 cum
1680 2688 1708 2735 et
1719 2678 1827 2735 animal

119 2784 218 2825 rursus
234 2768 259 2825 sl
273 2768 308 2824 de
324 2773 438 2824 Socrate
451 2770 621 2840 praedicetur
636 2771 771 2840 musicus,
796 2771 832 2826 sil
861 2771 940 2827 enim
996 2768 1064 2824 sitet
1076 2769 1166 2838 bipes,
1179 2776 1221 2825 εει
1234 2769 1347 2824 ειιιιιιιι
1370 2769 1461 2840 bipes,
1481 2777 1506 2824 ει
1520 2768 1551 2823 fit
1574 2785 1607 2825 ex
1623 2768 1667 2823 bis
1687 2783 1744 2823 una
1760 2785 1829 2839 pre·

116 2860 248 2914 Socrates
262 2858 409 2925 ninsicus;
425 2859 460 2913 de
476 2857 587 2913 musico
599 2863 694 2913 autem
719 2857 743 2913 si
773 2858 941 2928 predicetur
996 2857 1112 2914 dicatio.
1126 2858 1196 2916 Nam
1211 2873 1303 2927 neque
1314 2857 1421 2914 eninral
1434 2859 1594 2914 secundom
1609 2857 1830 2913 eccidensinesi
1853 2877 1871 2915 .-

116 2945 210 3014 sibus,
225 2955 251 3002 ει
261 2946 314 3004 boc
323 2947 442 3003 fortasse
452 2947 488 3003 sit
498 2963 609 3014 verum,
622 2964 678 3002 non
696 2955 790 3002 tamen
812 2948 872 3018 jam
890 2965 938 3005 ne·
995 2946 1106 3002 bomini
1122 2961 1175 3003 nec
1193 2945 1284 3016 bipes,
1303 2947 1381 3017 qood
1392 2963 1442 3018 per
1459 2948 1512 3002 boc
1527 2947 1652 3002 ostendii
1678 2948 1753 3017 qnod
1780 2947 1829 3014 ait,
1847 2992 1871 3016 ,

115 3050 194 3091 cesse
207 3045 248 3090 εει
264 3038 405 3091 musicum
417 3035 513 3092 album
526 3052 597 3093 esse.
609 3035 637 3092 Si
649 3036 726 3092 enirn
750 3037 786 3091 sit
809 3038 938 3094 musicus
994 3038 1041 3091 sed
1059 3037 1175 3092 animal
1194 3036 1291 3107 bipes;
1309 3052 1365 3092 non
1383 3043 1448 3091 suot
1472 3037 1548 3092 enim
1572 3036 1731 3092 secundum
1754 3037 1828 3094 ecci·
1843 3068 1871 3080 -

116 3122 291 3191 Socrates,si
303 3125 446 3180 desudem
457 3125 655 3181 musiooelbns
667 3125 843 3195 predicetur,
865 3085 974 3197 prae-C
997 3128 1078 3183 dens.
1096 3125 1188 3181 Addit
1203 3143 1315 3198 quoque
1330 3127 1410 3194 iilud,
1428 3125 1561 3195 quonium
1587 3142 1640 3182 nec
1668 3143 1704 3183 ea
1725 3127 1824 3197 juncta
1852 3148 1871 3183 ι

117 3211 229 3267 dicatur
244 3213 359 3282 quidem
389 3213 424 3269 de
451 3217 566 3269 serrato
593 3213 723 3284 subiecto
747 3215 882 3283 musicos,
908 3216 944 3273 de
1001 3225 1078 3275 recle
1093 3225 1248 3288 ponuntur,
1260 3233 1437 3290 quaeeunque
1452 3217 1495 3273 rel
1513 3217 1634 3272 latenter
1648 3217 1693 3272 vel
1711 3216 1743 3273 in
1758 3233 1824 3288 pro·
1845 3247 1871 3259 -

120 3299 232 3355 musico
249 3307 342 3355 autem
359 3301 432 3371 quod
449 3309 489 3356 est
505 3302 640 3358 occidens
653 3302 821 3371 predicatur
832 3303 945 3370 album,
997 3306 1104 3364 latione
1114 3307 1143 3364 ιιι
1154 3307 1249 3378 aliquo
1260 3307 1446 3363 terminorum
1458 3307 1705 3376 continenturqni
1716 3307 1746 3362 in
1757 3321 1821 3377 pro·
1850 3335 1871 3347 -

120 3403 219 3444 rursus
234 3386 312 3442 aliud
328 3389 472 3445 accidens.
485 3391 557 3460 Ergo
574 3406 631 3446 non
648 3399 740 3460 potest
756 3391 802 3447 bio
818 3392 945 3450 onslieri
997 3397 1139 3468 positione
1155 3397 1240 3467 positi
1263 3407 1339 3453 sunt.
1366 3396 1474 3452 Idcirco
1487 3396 1564 3450 enim
1580 3396 1615 3451 de
1631 3397 1746 3452 bomine
1759 3395 1822 3452 albo
1835 3412 1871 3451 <

120 3493 184 3534 rere
200 3482 365 3549 propositio,
383 3488 411 3535 ut
424 3480 533 3536 dicator
550 3498 557 3537 :
573 3481 702 3538 Socrates
717 3481 799 3538 albus
819 3483 947 3541 musicus
1000 3501 1057 3542 non
1071 3485 1154 3541 debet
1167 3485 1224 3541 dici
1239 3486 1331 3552 sibus,
1348 3493 1377 3540 ut
1393 3485 1485 3540 ueniat
1504 3484 1666 3553 predicatio
1682 3484 1871 3541 bemont-

119 3577 172 3637 est,
190 3568 372 3640 nequeenim
390 3585 501 3637 semper
518 3571 644 3625 musicus
657 3572 741 3627 albus
754 3586 816 3628 esse
843 3580 946 3642 potest,
1000 3574 1052 3631 bos
1066 3574 1159 3639 albius,
1175 3574 1311 3646 quonism
1325 3575 1384 3644 jam
1401 3574 1429 3629 in
1445 3573 1561 3630 bomine
1575 3575 1639 3629 albo
1660 3576 1871 3630 continetom

118 3660 166 3714 sed
185 3659 260 3715 benc
275 3668 406 3715 naturam
425 3661 531 3716 babent
547 3661 717 3730 accidentia,
735 3671 764 3717 ut
777 3664 892 3719 venient
920 3680 948 3737 ε,
999 3664 1106 3720 album.
1124 3664 1232 3720 Rursus
1248 3669 1283 3720 de
1299 3664 1415 3720 bomine
1431 3665 1537 3719 idcireo
1553 3679 1609 3718 non
1625 3663 1711 3718 debet
1722 3663 1855 3734 predi-

119 3749 363 3818 recedant3erao
379 3749 404 3805 si
420 3749 544 3821 ejusqui
570 3752 696 3807 musicus
724 3750 807 3807 albus
836 3762 888 3825 est,
918 3754 948 3811 in
999 3753 1057 3810 cari
1071 3753 1162 3824 bipes,
1179 3755 1313 3824 quoniam
1330 3753 1394 3809 licet
1410 3769 1468 3809 non
1485 3752 1520 3808 sit
1548 3754 1702 3824 prolatum,
1729 3762 1871 3809 temen

119 3835 179 3892 sole
196 3838 297 3893 stantis
308 3848 402 3894 entem
417 3837 494 3894 calor
511 3839 675 3906 lascaverit,
691 3856 747 3896 non
764 3841 818 3898 orit
832 3842 947 3912 quidem
1000 3843 1048 3915 qui
1064 3843 1148 3898 boum
1163 3852 1206 3900 εει
1222 3843 1303 3915 bipes
1318 3848 1371 3900 εει.
1389 3844 1444 3900 Sed
1462 3845 1497 3898 de
1512 3841 1629 3898 bomine
1641 3843 1666 3897 si
1693 3843 1759 3912 quis
1787 3841 1871 3899 bii

120 3924 202 3981 albus
218 3942 283 3982 curn
299 3928 335 3983 sit
352 3928 487 3985 musicus.
503 3928 641 3992 Quocirca
665 3945 759 3999 neque
786 3935 857 3988 tunc
882 3947 948 3988 oum
1000 3949 1050 4003 pes
1061 3933 1202 4003 predicet,
1214 3936 1249 3989 de
1260 3949 1291 3989 re
1314 3933 1385 3988 dnos
1408 3932 1529 3988 habente
1554 3933 1651 4001 pedes,
1663 3947 1760 4004 neque
1776 3931 1833 3987 lm·
1848 3948 1871 3985 s

119 4030 185 4071 uere
200 4015 418 4085 predicabatur,
433 4017 566 4088 qnoniam
583 4017 711 4074 Socrates
727 4019 852 4077 musicus
866 4021 948 4078 albus
1000 4021 1160 4078 diiierentia
1171 4023 1244 4092 {quod
1256 4029 1297 4079 est
1308 4022 1397 4095 bipes,
1410 4022 1542 4093 predicat
1569 4021 1661 4091 bipes.
1687 4023 1871 4087 Quocirca:

120 4112 172 4174 est,
188 4121 283 4176 neque
298 4113 368 4162 tunc
384 4107 437 4162 init
453 4122 516 4162 rcre
532 4110 664 4176 rectaque
686 4109 865 4179 pradicatio,
889 4127 945 4167 noo
1000 4114 1053 4170 erit
1069 4113 1116 4169 bic
1131 4128 1242 4183 quoque
1258 4111 1343 4169 borno
1359 4112 1440 4182 bipes
1456 4111 1544 4181 bipes,
1557 4109 1644 4167 bomo
1655 4112 1734 4167 enim
1746 4113 1871 4183 bipes

120 4195 196 4252 enim
214 4193 298 4251 babet
312 4201 445 4251 naturam
462 4196 648 4266 permanendi
664 4197 800 4254 accidens
826 4208 854 4255 ut
876 4216 948 4256 sem·
999 4202 1122 4258 continet
1137 4202 1211 4258 intra
1223 4217 1264 4267 εε,
1277 4202 1362 4272 etqui
1374 4202 1442 4257 dicit
1452 4200 1597 4256 bominem
1609 4215 1677 4255 cum
1703 4217 1755 4257 sua
1771 4201 1831 4257 difl
1850 4201 1871 4253 ι’

121 4300 170 4355 per
185 4300 248 4339 rere
265 4285 443 4355 predicatur.
459 4285 539 4340 Ratio
553 4295 647 4341 sutem
666 4287 812 4343 uerborum
829 4289 870 4345 sic
881 4306 948 4347 con·
998 4290 1210 4347 lereottadicit.
1222 4289 1251 4345 Si
1263 4288 1506 4363 quisergoadhuc
1526 4289 1662 4359 predicet
1684 4288 1776 4360 bipes,
1791 4288 1871 4345 uh

119 4382 185 4431 stet.
201 4377 342 4441 Quoniam
360 4376 448 4447 igitur
464 4376 578 4449 siquis,
595 4378 698 4449 inquit,
724 4379 802 4437 dicet
827 4385 947 4440 omnino
1000 4379 1365 4449 reduosbabentepedes,
1396 4377 1527 4449 bipedem
1559 4379 1737 4448 predicavit.
1765 4384 1871 4435 tir-1

121 4464 333 4534 quomodolibet
347 4466 561 4536 corrrplexiones
576 4466 648 4535 lieri,
674 4468 702 4524 id
733 4473 788 4540 εει,
816 4479 845 4527 ut
869 4474 943 4543 quod
959 4458 984 4525 D
998 4486 1064 4541 ergo
1077 4469 1161 4526 homo
1173 4468 1253 4541 bipes
1263 4469 1355 4538 bipes,
1368 4470 1415 4523 sed
1430 4467 1468 4523 in
1479 4466 1630 4538 predicari
1654 4484 1714 4524 non
1730 4468 1802 4525 debe
1812 4479 1871 4523 e

121 4552 265 4623 sigillatim
283 4554 498 4625 predicaveras,
515 4555 569 4612 boo
579 4556 939 4626 complerumconnexum·
996 4559 1163 4616 Contioelur
1174 4558 1249 4614 enim
1264 4557 1293 4612 in
1307 4557 1423 4613 bomine
1435 4555 1526 4625 bipes,
1539 4557 1572 4611 ad
1584 4557 1658 4624 quod
1679 4558 1704 4614 si
1727 4569 1871 4614 rursm!-

121 4659 177 4714 qxe
193 4659 344 4713 proponas,
363 4645 487 4714 plurima
502 4644 733 4704 inconvenientia
755 4650 849 4708 dicere
870 4668 940 4708 con·
997 4647 1076 4719 bipes
1090 4646 1238 4718 praedices,
1255 4644 1487 4702 molestissimum
1504 4645 1591 4702 iacias
1611 4647 1871 4716 repetitionem

122 4731 217 4802 tingit.
235 4732 325 4788 blatta
340 4734 417 4789 enim
447 4745 621 4792 orroeurruot
648 4736 846 4807 impossibilia,
869 4742 944 4799 sicut
997 4738 1056 4794 Hoc
1071 4737 1146 4808 euim
1162 4743 1203 4792 est
1220 4735 1294 4807 qood
1311 4735 1367 4790 ait:
1384 4733 1514 4804 Amplius
1530 4736 1847 4806 necqnecunquoirx
1867 4772 1871 4780 ε

120 4819 871 4892 supraipsemonstrarittunc‚quandoadnimiam
901 4829 942 4886 lo·
997 4836 1063 4884 sunt
1079 4827 1108 4883 ιιι
1123 4826 1191 4895 allo,
1208 4825 1234 4880 tt
1251 4829 1295 4882 est
1308 4824 1505 4892 continentur,
1519 4830 1566 4878 aut
1595 4823 1769 4893 prolatione,
1794 4834 1841 4881 ιΙ

119 4907 291 4978 quacitatem
308 4910 441 4979 perduxit
455 4926 516 4975 eos,
529 4909 631 4967 eadem
650 4909 811 4981 frequenter
826 4917 943 4975 nomina
997 4917 1028 4974 in
1043 4932 1077 4972 oo
1092 4915 1165 4987 quod
1182 4921 1223 4971 est
1240 4913 1324 4970 bomo
1339 4912 1433 4978 albos,
1447 4911 1611 4969 continetur
1627 4913 1658 4969 in
1674 4929 1708 4969 co
1731 4914 1811 4970 clbnr
1832 4920 1871 4962 t

119 5004 291 5068 repetentes.
307 4999 556 5063 Quemadmodum
574 5002 737 5070 ponendum
752 5013 792 5058 est
807 5021 885 5064 rruoc
899 5008 942 5064 di·
997 5004 1131 5079 qnoniam
1149 5004 1307 5074 prolatione
1319 5003 1379 5072 iarn
1395 5001 1506 5057 dictum
1528 5005 1583 5066 est,
1612 5010 1662 5058 sot
1686 5007 1814 5075 potestat
1826 5006 1871 5050 «ί

118 5087 219 5156 cimus,
238 5088 266 5143 id
284 5098 335 5160 est,
352 5090 593 5161 quomadmodum
617 5094 714 5146 aulem
738 5093 852 5165 debant,
880 5113 943 5169 ques
997 5103 1025 5153 ει
1040 5095 1077 5163 ιι,
1094 5102 1123 5150 ιιι
1138 5109 1172 5149 eo
1187 5093 1262 5163 qnod
1277 5098 1320 5147 est
1336 5092 1421 5148 bomo
1436 5092 1603 5147 continetur
1619 5089 1711 5163 bipes,
1737 5098 1862 5163 quart!

120 5176 266 5243 stotttatirn
285 5195 352 5235 vcre
367 5181 502 5235 dicuntur
514 5180 614 5249 juncte
630 5179 884 5253 praedicacionem
897 5188 942 5244 tn.
998 5200 1083 5257 quam
1099 5183 1207 5238 dietum
1224 5180 1339 5252 penitus
1354 5197 1411 5237 non
1427 5180 1473 5235 sit.

120 5268 192 5338 quit,
208 5268 344 5324 dicimus.
362 5266 474 5336 Omnia,
491 5268 594 5337 inquit,
611 5284 676 5339 quae
701 5273 890 5340 predicantur
909 5278 945 5334 de
1037 5274 1133 5329 ueram
1149 5276 1242 5327 autem
1256 5279 1297 5328 εει
1312 5271 1401 5327 dicere
1416 5270 1453 5326 de
1467 5269 1561 5340 aliquo
1569 5273 1598 5324 et
1614 5270 1863 5343 simplicitas!

119 5355 227 5426 aliquo,
244 5364 271 5412 ει
287 5372 388 5412 ιιιιειιε
403 5356 555 5427 dequibus
569 5356 622 5411 alia
636 5360 945 5436 predicuntnrduplicl
999 5360 1458 5437 quemdomltominembommem,
1488 5366 1537 5414 αι’
1565 5358 1715 5430 9¹10QO
1733 5363 1849 5418 “10¹⁸ss

119 5444 206 5500 modo
221 5449 299 5509 sunl,
311 5452 359 5499 aut
374 5443 452 5500 enim
469 5443 629 5501 occidentia
644 5452 722 5515 suni,
736 5458 783 5505 sut
809 5453 943 5512 snbstan-
1000 5451 1149 5521 boorinem,
1165 5451 1304 5507 bominem
1318 5449 1427 5505 olbam.
1443 5449 1500 5504 Non
1514 5456 1612 5503 aetem
1634 5465 1758 5521 sempor,
1784 5449 1871 5508 ιβ

120 5530 209 5601 ιιειιι,
226 5540 253 5589 ει
268 5531 332 5589 alie
347 5533 461 5604 quidem
475 5535 693 5606 praedicationes
707 5545 943 5603 suntseoundum
1000 5541 1109 5614 quoodo
1124 5542 1155 5597 in
1170 5540 1278 5613 adjecto
1293 5540 1402 5613 aliquid
1416 5536 1528 5611 quidem
1542 5539 1736 5610 oppositorem
1745 5541 1871 5599 ιιιιεν
