3892 6126
124 262 180 319 725
411 267 668 325 eosnuuloauu
687 268 971 323 ansumlcoltuu
991 268 1226 323 asseuerante.
1245 271 1549 329 tuusneausaslo.
1780 275 1837 331 726

123 391 271 462 recipiunt
281 392 871 464 accidensletinbocdilierunlnbiisqne
881 396 951 447 sunt
965 395 990 459 Α
1006 407 1100 447 εεεεε
1115 394 1199 450 εειῑε
1216 395 1426 468 mediailgnra,
1442 397 1685 469 utsitesnimel,
1698 400 1728 456 in
1745 416 1803 473 quc
1819 404 1834 458 l

125 480 155 535 in
172 480 321 552 dialogis),
337 483 387 536 sed
404 482 598 538 definitiones.
615 484 766 555 Angenlur
781 489 878 537 autem
894 497 949 536 non
1005 481 1159 553 respirare,
1176 483 1205 538 in
1221 500 1277 555 quo
1293 501 1307 539 c
1322 485 1430 557 paries,
1448 485 1477 541 in
1498 487 1723 559 quodquidam
1744 489 1837 562 igitur

123 585 177 640 per
194 571 302 636 media,
314 570 364 625 sed
382 571 410 625 in
421 573 611 641 assumendo,
622 578 681 627 uto
691 573 728 627 de
743 574 768 638 o,
780 571 835 627 hoc
850 574 950 626 autem
1006 571 1834 646 omniestnomneenimrespiransestanimal,incautem

122 660 160 712 de
175 674 201 712 c.
218 658 287 714 item
301 658 356 714 hoc
367 660 437 727 ded,
455 660 583 716 ethocin
598 660 759 729 infinitum,
776 665 804 715 ει
819 661 849 715 in
860 660 948 727 latus,
1004 662 1095 732 nullo,
1112 679 1202 735 quare
1213 679 1307 734 neque
1318 663 1333 717 i
1343 662 1372 717 in
1384 662 1488 719 enullo
1499 669 1619 732 estnon
1632 665 1724 737 igitur
1734 670 1830 742 respi-

123 752 187 802 utc
204 749 239 801 de
254 764 277 815 o,
295 754 324 803 ει
338 749 408 819 dee,
433 754 465 804 ut
479 754 523 805 est
536 767 677 806 numerus
693 754 833 822 quantus,
845 749 889 805 vel
903 749 950 803 in·
1004 756 1050 807 rat
1064 754 1171 825 paries.
1187 752 1403 823 Comparantur
1423 758 1521 808 antem
1544 753 1718 825 hujusmodi
1732 772 1827 814 causa

123 836 237 892 linitus.
250 836 307 892 llnc
318 842 415 892 autern
427 838 519 906 inquo
529 837 593 894 silc
604 841 949 910 numerusimparquan·
1003 842 1167 897 secundum
1182 839 1382 897 excellentiam
1394 841 1491 909 dictis,
1504 842 1560 898 hoc
1571 847 1669 898 autern
1680 848 1725 899 est
1736 844 1830 915 pluri·

120 929 170 980 ius
187 926 215 978 in
229 942 287 996 quo
299 927 323 992 t,
336 942 477 982 numerus
488 928 584 1000 impar
596 929 625 983 in
637 945 694 1000 quo
710 945 734 999 c,
746 935 792 984 est
807 934 836 983 ει
849 929 949 999 itaque
1004 945 1085 984 mum
1108 930 1222 985 distans
1239 929 1369 985 medium
1386 929 1491 998 dicere,
1511 932 1680 987 sicutenim
1696 931 1769 988 illud
1786 939 1833 990 est

120 1031 138 1069 a
154 1016 191 1070 de
207 1031 231 1077 r..
249 1022 278 1070 et
291 1021 336 1070 εει
351 1032 404 1087 per
414 1021 543 1087 quantus
553 1034 694 1073 numerus
705 1018 734 1073 in
746 1017 885 1089 quositd,
897 1034 950 1089 piar
1004 1020 1079 1089 quod
1095 1018 1330 1084 anarcharsidis,
1348 1020 1425 1090 qnod
1438 1018 1467 1074 in
1484 1005 1599 1091 Scythis
1611 1036 1669 1075 non
1680 1025 1748 1076 annl
1759 1022 1833 1078 sibi-

119 1120 266 1160 unmerus
282 1106 310 1159 in
324 1122 382 1176 quo
397 1121 428 1161 es
443 1122 468 1174 e,
484 1111 530 1161 est
545 1123 614 1178 ergo
630 1125 647 1162 ε
661 1108 697 1162 de
712 1124 736 1163 e.
1002 1106 1119 1175 latores,
1134 1108 1315 1180 nequeenim
1326 1108 1410 1164 vites.
1422 1108 1590 1164 Secundum
1601 1107 1832 1181 igitureamdsm

451 1194 570 1251 CAPUT
591 1195 621 1251 ll.
1002 1197 1168 1261 scientiam,
1184 1202 1213 1253 et
1227 1199 1389 1253 secundum
1407 1197 1569 1253 mediorum
1586 1199 1774 1270 positionem,
1785 1200 1832 1258 he

190 1287 226 1338 ue
239 1282 475 1339 demonstratione
487 1293 598 1356 propter·
611 1285 688 1359 quid,
703 1290 731 1341 el
743 1287 818 1358 qnod
832 1294 880 1341 est.
1002 1286 1174 1342 differentia
1185 1285 1370 1358 sunlipsius,
1381 1286 1628 1358 quiaadeumqui
1638 1290 1831 1360 propterquid

154 1373 209 1428 Sed
225 1373 294 1443 quin
308 1373 416 1437 dillert,
433 1378 460 1428 ει
471 1375 668 1446 propterquid
681 1375 767 1440 scire,
780 1374 947 1446 primumln
1002 1379 1046 1432 esi
1072 1375 1288 1448 syllogismum.
1304 1376 1367 1431 Alio
1391 1379 1489 1431 autem
1517 1376 1604 1431 modo
1629 1377 1727 1433 differt
1742 1395 1829 1450 prop-

118 1461 221 1516 eadem
237 1462 369 1528 scientia,
386 1466 415 1517 et
431 1463 459 1517 in
485 1463 540 1517 heo
562 1463 731 1533 dupliciter.
750 1462 813 1519 Uno
828 1464 946 1535 quidem
1001 1470 1046 1519 ter
1060 1464 1130 1536 quid
1146 1465 1183 1520 ab
1195 1465 1257 1534 ipso
1273 1465 1353 1535 quie,
1366 1464 1443 1536 quod
1454 1464 1659 1536 estperaliam
1671 1464 1827 1522 scientiam

118 1551 208 1606 modo
223 1552 249 1606 si
266 1568 323 1606 non
341 1567 393 1622 por
409 1552 581 1608 immediata
595 1551 645 1608 fiat
665 1553 866 1625 syllogismus,
888 1570 946 1609 non
1002 1557 1163 1625 utrumque
1177 1554 1333 1626 speculari.
1346 1552 1522 1623 Hujusrnodi
1539 1558 1638 1608 autern
1652 1558 1732 1621 sunt,
1749 1572 1828 1627 qnos·

117 1640 198 1695 enim
216 1640 359 1712 accipitur
375 1642 470 1712 prima
485 1658 584 1708 cauae,
602 1643 651 1699 ssd
669 1659 732 1714 que
748 1643 946 1715 propterquid
1001 1661 1118 1715 cunque
1131 1645 1175 1701 sio
1189 1662 1220 1701 εε
1231 1645 1383 1700 habentad
1396 1644 1532 1707 invicem,
1544 1643 1758 1714 quodalterum
1771 1644 1826 1700 sub

116 1730 253 1798 scientia,
269 1736 314 1785 cst
330 1732 492 1786 secundum
510 1732 633 1802 primam
644 1748 775 1787 causam.
787 1730 849 1787 Alio
862 1733 946 1789 modo
961 1768 985 1833 Β
1002 1732 1092 1790 allero
1107 1739 1161 1804 est,
1171 1742 1202 1789 ut
1219 1733 1399 1805 perspectiva
1409 1732 1444 1788 ad
1456 1732 1660 1804 geometriam,
1675 1735 1703 1787 et
1718 1733 1829 1789 machi·

117 1818 142 1873 si
159 1834 212 1887 per
225 1819 398 1874 immediata
409 1820 541 1891 quidem,
557 1822 605 1875 sed
617 1837 674 1876 non
687 1837 738 1892 per
752 1837 883 1886 causam,
895 1821 945 1877 sed
1005 1818 1609 1884 natiraadstereometriam,etharmonica
1619 1819 1655 1873 ad
1665 1818 1829 1875 arithmeti-

117 1923 170 1979 per
185 1908 393 1974 convertentia,
411 1914 440 1964 ει
451 1910 623 1981 perpetius,
636 1909 770 1981 prohibet
782 1910 860 1965 enirn
872 1910 944 1965 nihil
1002 1924 1077 1976 cam,
1101 1912 1130 1965 et
1154 1908 1327 1981 apparentia
1341 1908 1377 1963 ad
1402 1906 1604 1978 astrologiam.
1622 1907 1691 1964 uera
1710 1907 1829 1979 quidem

115 2012 200 2068 aque
223 1997 457 2069 predicantium,
488 1998 586 2054 notius
611 1998 770 2069 aliqnando
796 2014 862 2054 csse
888 2015 944 2053 non
1002 1995 1829 2068 univoeesuntharumquasdamscientiarumutastro·
1940 1998 1943 2003 '

115 2101 218 2153 causa,
235 2101 326 2156 qnare
353 2102 404 2157 per
420 2087 494 2142 hanc
508 2088 565 2142 erit
578 2086 800 2142 demonstratio.
817 2090 853 2143 ut
868 2087 945 2157 qnod
1001 2085 1078 2157 logia
1090 2085 1419 2157 mathematicasque
1432 2083 1543 2140 navalis
1553 2089 1609 2152 εει,
1619 2092 1647 2140 ει
1657 2084 1829 2141 harmonica

116 2190 207 2246 prope
221 2174 282 2230 sint
298 2174 432 2246 planetas,
449 2191 501 2246 per
516 2175 588 2229 illud
606 2176 683 2246 quod
698 2191 756 2231 non
770 2175 944 2246 scintillare,
1000 2172 1217 2244 mathematice,
1234 2189 1298 2245 que
1317 2177 1362 2228 εει
1386 2177 1416 2227 ει
1429 2172 1591 2229 secundum
1607 2172 1753 2228 auditum.
1775 2173 1827 2230 Hie

115 2263 154 2318 sit
168 2263 198 2316 in
215 2279 272 2334 quo
287 2279 302 2318 c
316 2262 450 2333 planetae,
467 2265 496 2318 in
513 2279 572 2334 quo
596 2265 612 2318 l
635 2278 691 2319 non
718 2262 889 2331 scintillare,
914 2263 943 2319 in
999 2262 1078 2317 enim
1089 2261 1199 2333 ipsum,
1213 2262 1283 2333 quia
1293 2261 1481 2317 sensibilium
1492 2266 1536 2317 est
1546 2260 1631 2329 scira,
1643 2262 1694 2317 sed
1708 2266 1828 2333 propter

114 2366 172 2422 qno
187 2368 205 2406 o
220 2367 311 2422 prope
325 2367 401 2418 esse,
418 2368 518 2407 verum
540 2352 692 2423 igiturest
707 2354 743 2407 de
765 2368 780 2408 o
805 2352 943 2424 edicere,
999 2349 1080 2421 qnid,
1103 2351 1389 2407 mathematicorum.
1401 2349 1436 2407 Hi
1447 2350 1526 2406 enirn
1543 2349 1654 2406 habent
1668 2366 1825 2407 cansarum
1932 2346 1938 2381 ·“

115 2439 240 2512 planetas
253 2440 331 2496 enim
348 2458 405 2496 non
434 2440 607 2507 scintillant,
629 2443 680 2496 sed
696 2446 756 2497 eta
777 2442 813 2497 de
838 2442 863 2509 l,
886 2459 943 2498 non
998 2439 1827 2512 demonstrationes,etlrequenternesciuntipsum,quia

114 2528 282 2584 scintillans
296 2529 372 2584 enim
389 2546 478 2601 prope
490 2534 546 2587 est.
562 2529 622 2585 lloo
632 2536 729 2586 aulem
742 2530 884 2603 accipitur
894 2547 944 2602 per
999 2530 1077 2586 sicut
1099 2530 1141 2585 illi
1160 2530 1326 2587 universale
1340 2531 1573 2601 considerantes,
1597 2545 1673 2601 sepe
1688 2530 1823 2602 quedam

114 2615 330 2684 inductionem,
346 2622 398 2673 aut
411 2635 462 2690 per
477 2634 609 2686 sensum,
621 2634 740 2674 necesse
750 2635 820 2690 argo
830 2637 847 2675 c
859 2621 914 2691 ipsi
929 2637 944 2676 o
998 2617 1824 2691 singulariumnesciuntpropteridquodnonintendunt.

115 2704 322 2776 inesse,quara
331 2707 564 2762 demonstratum
575 2710 621 2762 est
633 2709 709 2778 quod
721 2707 842 2778 planetae
854 2725 943 2780 prope
997 2712 1072 2762 Sunt
1081 2713 1179 2764 aulem
1191 2708 1250 2764 haec
1262 2724 1457 2781 quascumque
1466 2706 1591 2763 alterum
1602 2707 1743 2779 quiddam
1754 2711 1825 2762 sunt

115 2798 195 2848 sunt.
212 2794 264 2849 llic
280 2811 347 2865 ergo
372 2794 555 2866 sillogismns
571 2811 628 2851 non
645 2800 690 2851 est
714 2802 832 2867 propter
859 2797 941 2868 quid,
997 2793 1823 2865 secundumsubstantiametulunturspeciebus.Mathe-
1919 2854 1925 2859 ,

115 2883 162 2937 sed
191 2882 273 2954 qnia,
296 2900 355 2938 nnn
380 2885 459 2939 enirn
485 2901 520 2940 ex
539 2900 573 2940 eo
596 2885 673 2955 quod
696 2901 753 2940 non
779 2885 943 2942 scintillant
997 2883 1825 2957 metioreenimoiroaspeciessuut,nonenimdesubjecto

115 2988 206 3043 prope
221 2975 304 3039 sunt,
315 2973 365 3028 sed
381 2979 499 3044 propter
514 2974 587 3028 illud
599 2974 676 3044 qnod
689 2990 778 3045 prope
788 2980 868 3041 sunt,
884 2991 941 3029 non
997 2973 1106 3046 aliquo,
1119 2974 1144 3029 si
1157 2975 1235 3030 enim
1251 2975 1287 3030 de
1299 2974 1399 3045 aliquo
1410 2974 1542 3043 subjecte
1555 2971 1733 3043 geometrica
1744 2979 1825 3036 sunt,

116 3059 291 3116 scintillant.
318 3060 462 3118 Possibile
486 3065 532 3117 est
557 3066 698 3118 autemst
727 3079 778 3135 per
803 3063 940 3131 alterum,
958 3109 980 3176 c
1000 3060 1826 3135 aednonsuntsecundumquodgeometricasunt.Habet

114 3148 239 3205 alterum
248 3150 712 3223 monstrare,elcritpropterquid
722 3153 941 3222 demonstratio,
1000 3159 1099 3209 autem
1110 3169 1141 3208 se
1151 3155 1187 3209 ad
1199 3152 1411 3225 perspectivam
1420 3151 1498 3208 sicul
1506 3151 1566 3206 haea
1574 3150 1610 3206 nd
1621 3146 1824 3222 geometriam,

115 3237 212 3293 utsite
225 3237 395 3310 plunstede
405 3255 463 3310 quo
474 3239 489 3293 l
496 3256 585 3310 prope
593 3256 757 3304 esse,unon
769 3241 931 3297 scintillare
998 3247 1026 3296 et
1041 3241 1099 3297 alia
1109 3243 1144 3297 ad
1158 3242 1258 3312 istam,
1269 3243 1340 3297 utid
1358 3241 1436 3312 quod
1447 3244 1493 3296 est
1507 3240 1544 3294 de
1558 3238 1741 3309 iridaipanm
1756 3237 1826 3309 qui-

113 3332 157 3382 est
167 3327 260 3398 igilur
276 3328 291 3382 l
306 3326 334 3381 in
350 3344 374 3391 c,
391 3328 471 3399 quod
487 3335 533 3382 est
548 3345 606 3382 non
621 3327 794 3393 scintillare,
810 3345 900 3400 quare
915 3335 944 3386 et
997 3330 1063 3385 dem
1076 3329 1195 3401 quiasst
1205 3329 1468 3403 soirsphysici‚sed
1478 3327 1677 3399 propterquid
1690 3340 1824 3398 perspec-

115 3415 143 3470 in
154 3432 179 3481 c,
197 3421 226 3471 ει
241 3417 295 3472 erit
306 3421 424 3489 propter
435 3417 504 3487 qnid
518 3417 718 3488 syllogismus,
730 3423 850 3489 accepta
865 3419 942 3474 enim
997 3418 1059 3485 tivi,
1086 3423 1137 3472 aut
1160 3417 1345 3489 simpliciter,
1369 3422 1421 3473 aut
1436 3418 1599 3473 secundum
1623 3414 1821 3486 disciplinam.

110 3509 156 3561 εει
167 3503 940 3578 primaeansadlerumsiclunemdemonstrantqnod
997 3506 1095 3561 Multa
1111 3512 1221 3575 aulem,
1237 3513 1265 3562 et
1281 3524 1338 3563 non
1354 3506 1410 3562 snb
1425 3522 1457 3561 εε
1475 3504 1598 3560 invicem
1618 3504 1824 3572 scientiarum,

112 3595 237 3664 quidem
248 3593 402 3649 circularis
416 3595 455 3649 sit
470 3611 520 3664 per
536 3595 727 3660 incrementa,
740 3596 852 3651 sienim
864 3599 942 3667 quod
996 3594 1108 3650 habent
1121 3596 1174 3663 sic,
1191 3604 1222 3651 ut
1238 3595 1383 3652 medicina
1394 3596 1428 3650 ad
1441 3593 1645 3667 geometriam,
1656 3592 1733 3665 qnod
1744 3591 1824 3648 enim

112 3694 237 3754 augetur
252 3683 295 3737 sio
313 3683 456 3738 circulare
467 3685 585 3753 (quidem
602 3683 641 3738 sit
655 3688 780 3755 augetur
790 3692 888 3740 autem
900 3686 942 3740 sio
995 3682 1117 3739 vulnera
1132 3684 1271 3740 cicularia
1286 3685 1401 3740 tardius
1411 3687 1567 3747 sanantur,
1577 3681 1682 3738 medici
1695 3685 1739 3737 εει
1749 3680 1825 3736 scire

110 3771 378 3827 lunananiiestum
388 3771 942 3845 quoniamcircularissicigituripsius,
997 3773 1077 3847 quie,
1094 3773 1293 3846 propterquid
1308 3777 1407 3829 autem
1420 3775 1586 3845 geometra.

110 3860 182 3933 qnia
199 3861 294 3916 lactus
305 3867 349 3916 εει
359 3859 576 3932 sillogismus.e
587 3877 726 3918 converso
738 3867 835 3917 aulem
846 3865 941 3934 posito
1316 3861 1433 3919 CAPUT
1453 3862 1498 3917 xl.

112 3949 941 4021 medioipsiusproplerquodsyllogismusfit.Nonenim
996 3951 1122 4007 Primam
1137 3946 1822 4022 figurammneimesoienliaeesseaccomodatum.
1933 3974 1936 3981 ·

110 4043 233 4110 propter
247 4043 407 4109 augmenta
433 4038 528 4108 ipsius
553 4036 705 4094 circularis
730 4044 785 4108 εει,
801 4040 851 4095 sed
874 4040 943 4112 quia
1031 4037 1826 4111 Figurarumautemiacienssciremexime,primaest.

110 4126 944 4197 circularisest,accipitangmentahujusmodi.Lunaslt
996 4125 1825 4198 Mathematicaeenimscientiarumperbenedsmonstra·

110 4216 140 4271 in
157 4231 252 4287 quor,
270 4216 298 4270 in
315 4232 372 4286 quo
398 4216 413 4269 ι
436 4217 477 4270 sit
501 4220 704 4283 augmentum,
729 4215 768 4271 sit
788 4217 819 4272 in
844 4234 902 4289 quo
925 4234 943 4272 a
995 4218 1091 4273 tiones
1107 4220 1216 4284 lerunt,
1232 4224 1264 4273 ει
1279 4216 1475 4282 arithmetica,
1491 4220 1519 4270 et
1531 4212 1700 4284 geometria,
1714 4220 1741 4267 et
1760 4229 1827 4283 per·

110 4305 257 4361 circulare
280 4306 532 4376 lnquibusautem
543 4306 640 4361 media
650 4321 708 4360 uon
720 4309 941 4375 convertuntur,
996 4306 1135 4378 spontive,
1151 4310 1181 4361 ει
1195 4308 1254 4361 lere
1268 4305 1415 4361 caldicere
1426 4318 1609 4375 quascunque
1622 4300 1823 4373 propterquid

109 4402 134 4450 el
153 4399 200 4449 est
216 4394 315 4448 notius
327 4395 404 4466 quod
420 4410 477 4448 non
494 4398 537 4448 εει
553 4410 653 4458 carisa,
665 4395 733 4464 quia
749 4400 940 4465 monslratur,
996 4393 1140 4464 speculari
1148 4388 1828 4457 iaciunteonsideralionem‚autenimnmuino,

111 4483 162 4537 sed
181 4485 211 4536 at
226 4486 344 4553 propter
354 4481 437 4552 quid,
450 4498 506 4535 non
523 4480 651 4551 amplius
663 4483 692 4537 in
703 4481 812 4552 quibus
823 4484 939 4539 medius
955 4472 978 4535 ll
993 4482 1123 4538 aulsicul
1133 4478 1688 4553 frequentiusetinplurimis,perl1anc
1698 4478 1824 4549 llguram

111 4577 194 4626 extra
211 4571 340 4642 ponitur,
356 4569 464 4625 etenim
480 4569 508 4624 in
524 4570 571 4625 his
588 4586 645 4625 non
660 4574 778 4641 propter
790 4571 872 4642 quid,
888 4574 938 4628 sed
996 4573 1056 4642 (qui
1069 4568 1689 4643 estpropterquid)litsyllogismus,quare
1701 4572 1827 4639 etprop·

111 4661 207 4730 ipsius
218 4660 288 4731 quia
300 4658 506 4722 demontratio,
518 4676 574 4713 non
585 4659 662 4714 enirn
675 4658 783 4714 dicitur
793 4675 890 4716 cause.
904 4662 941 4717 Ut
996 4666 1041 4716 ter
1055 4661 1110 4716 hoo
1126 4661 1182 4716 erit
1197 4659 1325 4716 maxime
1348 4659 1459 4714 lanians
1475 4657 1562 4723 seire,
1585 4656 1825 4730 propriissimum
1926 4718 1932 4727 ,

113 4748 940 4822 propterquidnonrespiratparies,quianonestanimal,
996 4749 1072 4805 eninr
1089 4750 1176 4817 scire,
1201 4754 1320 4822 propter
1343 4748 1413 4821 quid
1430 4746 1589 4818 speculari.
1610 4746 1716 4802 Postea
1730 4745 1827 4817 ipsius

112 4840 134 4893 si
152 4838 233 4893 enim
250 4853 308 4892 non
326 4837 490 4907 respirandi
504 4854 593 4892 causa
607 4842 652 4892 est
666 4837 733 4903 hoc,
745 4845 859 4909 oportet
874 4856 939 4898 asse
996 4840 1074 4911 quod
1086 4839 1210 4910 quidest
1223 4837 1388 4906 scientiam,
1401 4854 1453 4910 per
1463 4834 1746 4892 hancsolamvenari
1757 4850 1826 4907 poe-

115 4925 223 4981 animnl
241 4942 332 4980 causa
347 4925 524 4995 respirandi.
542 4924 577 4980 Ul
596 4925 621 4979 si
644 4927 760 4996 negatio
782 4943 872 4983 cansa
895 4934 940 4984 εει
996 4929 1082 4985 sibile
1097 4934 1151 4984 εει.
1165 4928 1195 4984 ln
1206 4926 1388 4984 mediaenim
1400 4926 1495 4997 ligura
1507 4941 1566 4981 non
1576 4925 1609 4979 iit
1619 4924 1825 4995 praedicativus

113 5016 207 5087 ipsius
225 5031 283 5069 non
301 5029 376 5082 esse,
399 5014 557 5069 allirmalio
581 5029 671 5068 causa
686 5018 731 5069 est
745 5015 839 5086 ipsius
862 5033 938 5084 esse,
996 5017 1196 5090 syllogismus,
1208 5017 1259 5073 sed
1268 5016 1448 5088 ipsiusqnod
1461 5013 1531 5087 quid
1544 5019 1590 5069 εει
1600 5013 1735 5079 scicntia,
1744 5010 1825 5068 eldr-

114 5104 221 5160 sicrrtsi
235 5104 298 5157 sine
309 5118 449 5157 mensura
460 5118 523 5157 esse
534 5101 940 5173 calidaetirigida‚causaest
996 5108 1134 5164 metionis
1148 5111 1201 5173 εει,
1218 5107 1248 5161 in
1264 5106 1371 5162 ultima
1387 5109 1483 5160 aulem
1499 5102 1681 5174 etquidem,
1699 5099 1750 5156 sed
1766 5113 1824 5154 non

114 5207 170 5248 nen
186 5190 324 5259 sanandi,
340 5195 368 5247 et
383 5206 521 5246 mensura
537 5191 626 5261 huius
637 5207 726 5247 causa
736 5191 792 5247 erit
802 5196 937 5252 sanandi.
996 5194 1212 5261 universaliter,
1231 5195 1282 5251 sed
1299 5196 1375 5265 quod
1392 5192 1528 5265 quidest,
1544 5188 1823 5247 universaliumesl.

112 5279 938 5352 Similiterautemetsiaillrmatioestcauseipsiusesse,
995 5302 1054 5342 non
1078 5285 1157 5339 enim
1177 5284 1396 5355 quodammodo
1418 5287 1461 5337 ast
1482 5280 1589 5336 animal
1614 5280 1698 5349 bipes
1721 5276 1825 5332 homo.

111 5378 140 5425 et
155 5368 274 5439 negatio
285 5368 380 5439 ipsius
395 5384 451 5423 non
465 5385 541 5423 esse.
554 5370 585 5424 ln
597 5368 643 5423 his
654 5373 752 5423 aulem
763 5371 805 5425 sio
816 5372 939 5429 demon·
996 5374 1133 5445 Amplius
1149 5373 1207 5428 hec
1222 5372 1341 5444 quidem
1352 5370 1411 5426 illis
1426 5368 1499 5425 nihil
1513 5367 1637 5440 indiget,
1653 5365 1711 5422 ille
1726 5370 1824 5421 aulem

110 5462 214 5514 stratis
230 5474 287 5513 non
303 5457 448 5528 contingit
462 5458 540 5529 qnod
565 5458 678 5513 dictum
699 5464 755 5526 est,
775 5475 833 5514 nou
859 5462 937 5519 enim
995 5463 1131 5536 perhanc
1142 5461 1591 5529 densantur,elaugmantantur
1602 5451 1823 5528 quousqneuti·

111 5562 199 5603 omne
220 5546 330 5602 animal
355 5547 489 5618 respirat.
514 5545 702 5617 Sillogismus
725 5555 823 5603 autem
849 5549 939 5621 hujus
996 5569 1054 5626 qne
1070 5553 1105 5608 nd
1122 5550 1294 5607 immediata
1317 5550 1448 5617 veniant,
1465 5546 1652 5602 manifestum
1677 5540 1826 5613 igiturest
