3892 6126
139 325 178 381 ²5
725 334 766 390 tu
783 330 1022 390 maceratum
1037 328 1221 388 1³11me
1239 332 1261 387 1.
1808 334 1847 391 26

140 453 859 531 videturmultitudinemcontinereomniumque
869 458 925 514 aab
935 473 967 513 se
981 458 1009 526 Α
1024 455 1155 512 ordinem
1171 457 1282 524 omnia,
1296 461 1329 515 ut
1343 457 1371 514 id
1383 458 1461 531 qnod
1475 457 1593 532 eligitur
1603 463 1632 517 et
1641 460 1773 530 rejicitur
1783 461 1843 519 die·

142 548 224 600 sunt.
241 543 297 599 Scd
313 543 483 602 cautissime
498 554 542 601 est
556 548 701 615 additum,
717 548 839 604 videtur.
851 545 966 602 sienim
1022 545 1184 617 tinguatur.
1197 546 1252 602 Sed
1265 545 1385 619 illaque
1396 546 1653 620 rejiciendaatque
1663 549 1845 622 explodenda

144 632 294 689 aibitbaec
321 633 420 689 omnia
449 634 603 703 distarent,
634 654 692 692 une
718 637 893 709 significatio
921 650 969 707 ge·
1022 640 1092 690 sunt
1106 635 1188 706 prius
1203 634 1350 692 dicuntur.
1368 635 1441 691 lllud
1456 652 1525 692 vero
1544 639 1622 709 quod
1638 639 1843 698 disserendum

146 721 227 777 neris
240 726 327 790 esset,
353 727 382 777 ct
408 739 443 779 ea
472 740 536 795 que
567 725 596 780 in
624 726 735 797 species
765 726 909 795 funditur,
939 728 969 781 et
1022 724 1265 795 tractandumque
1281 724 1395 796 capitur
1406 725 1550 797 posteriue
1562 727 1741 785 nominatur.
1753 729 1844 787 uthic

146 827 179 865 ee
195 827 255 879 qua
277 809 308 865 in
323 811 490 884 cognitione
509 812 659 869 dividitur.
674 815 743 885 Sed
756 818 801 871 est
815 814 893 870 inter
907 814 967 870 brec
1022 811 1073 868 ilta
1083 812 1227 883 posterior
1240 812 1357 886 generis
1378 812 1552 886 significatio
1567 815 1666 887 posita
1680 819 1736 882 est,
1752 833 1842 890 quam

144 915 251 968 genera
263 898 330 954 talia
345 899 511 968 diuersitas,
527 906 556 957 et
569 902 647 973 qnod
663 918 770 975 genera
783 919 884 961 earum
900 917 968 975 spe·
1021 900 1224 958 disserendam
1239 905 1424 974 accepturus,
1440 901 1521 974 prius
1535 903 1732 960 deliniendam
1745 911 1842 964 atter·

142 988 268 1057 cierum,
289 1005 354 1062 qua
377 988 434 1044 snb
457 1005 490 1046 se
505 990 614 1046 babent
627 990 701 1047 alias
721 992 845 1064 species,
862 1008 966 1063 aequa·
1022 988 1102 1045 mino
1117 990 1245 1060 quodam
1257 989 1841 1070 circumscribendamdemonstrandam·

140 1076 186 1131 uis
215 1076 372 1147 speciebus
400 1077 552 1149 equaliter
579 1083 650 1136 aunt
669 1096 785 1152 genere.
813 1080 966 1138 Hominem
1022 1078 1842 1153 quesuscepit.Omniserrinrresnisiquodpriussit,con-

140 1165 221 1222 enim
247 1170 275 1221 et
289 1181 411 1237 equum,
436 1167 487 1239 qui
501 1169 556 1224 sub
581 1168 701 1225 animati
722 1175 802 1237 sunt,
828 1175 966 1226 neutrum
1021 1169 1139 1237 stiterit,
1155 1170 1219 1240 ejus
1234 1172 1377 1225 tractatus
1402 1185 1513 1225 vacuus
1528 1170 1615 1227 modo
1631 1172 1841 1244 speculationis

141 1261 248 1312 neutro
264 1273 424 1328 possumus
448 1258 544 1315 dicore
561 1258 654 1330 prius,
681 1269 824 1332 qnantum
840 1260 969 1333 pertinet
1021 1257 1150 1313 habitur.
1164 1258 1273 1314 Detinit
1286 1257 1378 1330 igitur
1391 1273 1485 1331 genua
1496 1258 1538 1315 sic
1549 1274 1559 1314 .·
1569 1262 1749 1332 Genusesse,
1761 1263 1840 1334 quod

140 1345 176 1399 ad
189 1349 317 1417 tempus,
328 1344 606 1418 inchoationemque
621 1349 772 1406 nascendi.
788 1349 898 1421 Namjsi
910 1364 965 1421 que
1022 1346 1057 1401 ad
1074 1346 1173 1418 plnres
1198 1347 1378 1403 differentias
1393 1347 1490 1419 specie
1508 1347 1651 1405 distantes
1666 1350 1695 1406 in
1713 1366 1746 1406 eo
1761 1353 1841 1423 quod

139 1448 187 1487 res
204 1449 263 1487 una
273 1433 313 1488 sit
323 1433 415 1506 prior,
429 1432 520 1490 altera
530 1435 684 1507 posterior,
699 1441 728 1492 et
738 1437 850 1493 eassub
863 1437 965 1494 unius·
1021 1435 1137 1506 quidsit
1146 1435 1548 1509 predicetur,velutanimal,
1559 1437 1841 1509 quedittinitiotalis

139 1521 288 1593 cujusque
311 1522 427 1594 generis
453 1523 572 1580 nomine
595 1525 664 1595 quie
685 1524 755 1580 velit
778 1530 888 1598 aptare,
908 1542 967 1582 non
1020 1528 1085 1581 eet:
1102 1525 1286 1597 Omniaque
1302 1525 1424 1593 distant,
1440 1525 1528 1581 babet
1544 1528 1840 1600 intereaquamdam

139 1610 259 1681 poterit.
274 1615 375 1669 Genus
385 1610 464 1667 enim
476 1612 629 1684 speciebus
640 1613 703 1669 suis
718 1613 967 1685 equalitergenus
1021 1613 1216 1670 differentiam
1233 1631 1291 1686 que
1302 1613 1411 1670 distare
1425 1615 1580 1670 etditt'erre
1591 1615 1740 1673 videntur.
1754 1615 1842 1674 Porro

140 1705 197 1755 cst,
213 1699 296 1764 Quod
316 1698 340 1756 si
356 1715 450 1772 genus
464 1700 619 1773 speciebus
635 1702 698 1758 suis
712 1702 863 1773 equaliter
875 1719 967 1774 genus
1021 1707 1118 1759 autem
1130 1703 1242 1775 siquod
1254 1703 1442 1775 attgenus,et
1455 1703 1555 1759 subeo
1570 1704 1843 1777 specieeeuppooa-

140 1794 198 1857 est,
211 1789 326 1860 speeies
341 1789 413 1862 ipse
428 1791 492 1860 ejus
503 1790 618 1851 ordinis
632 1791 709 1847 inter
723 1806 754 1847 se
770 1792 875 1863 equali
891 1798 966 1848 tem·
981 1829 1005 1895 B
1019 1797 1078 1859 tur,
1095 1793 1168 1849 duas
1190 1791 1234 1848 vet
1252 1791 1351 1864 plures
1366 1808 1485 1848 necesse
1500 1796 1545 1849 est
1567 1793 1680 1866 species
1695 1794 1762 1865 poni
1786 1794 1843 1851 sub

139 1895 212 1949 pore
227 1884 352 1950 ortuque
367 1882 534 1935 censentur.
550 1884 587 1934 tt
599 1895 668 1937 vero
685 1881 714 1936 in
726 1881 884 1953 generibus
901 1897 965 1954 que
1019 1898 1134 1956 genere,
1151 1883 1289 1952 quoniam
1302 1881 1391 1937 unius
1406 1881 1512 1953 speciei
1528 1897 1621 1954 genus
1637 1898 1773 1939 essenon
1790 1899 1842 1955 po-

139 1967 469 2039 cognationeeetticinnt
481 1967 586 2024 nonita
598 1972 652 2024 est.
668 1968 809 2040 Quisquis
822 1970 966 2027 enimtuit
1019 1975 1087 2028 test.
1104 1972 1159 2027 Sed
1175 1970 1200 2026 si
1217 1970 1349 2042 plurime
1368 1970 1479 2042 species
1495 1975 1592 2041 erunt,
1608 1970 1708 2042 atique
1722 1987 1842 2030 necasse

139 2055 228 2128 Cepis
244 2061 335 2128 pater,
347 2056 398 2128 qui
414 2056 545 2128 Capuam
560 2058 704 2126 condidit,
720 2058 745 2116 si
758 2057 852 2115 solum
870 2058 963 2115 filium
1018 2065 1064 2115 est
1078 2059 1243 2115 differentia
1257 2058 1435 2125 dividantur,
1462 2058 1547 2115 aliter
1561 2059 1640 2115 enim
1663 2059 1762 2132 plnres
1777 2077 1841 2117 esse

139 2145 242 2217 Cupim
267 2144 433 2218 progenuit,
454 2149 484 2202 et
502 2147 538 2202 ab
556 2163 590 2203 eo
606 2164 666 2203 uno
687 2147 891 2219 Capuanorum
913 2163 964 2205 co·
1020 2166 1075 2206 non
1092 2148 1312 2223 possuntNem
1324 2147 1563 2216 sinibildlstant,
1575 2149 1840 2221 noneructpturee

140 2235 243 2305 gnatia
253 2235 428 2307 iunctioque
451 2234 592 2303 manavit,
607 2235 700 2292 distet
724 2253 741 2292 a
755 2252 859 2307 genere
877 2237 963 2309 enjus
1018 2239 1131 2309 species
1145 2243 1175 2294 et
1189 2253 1295 2294 nomen
1311 2237 1427 2310 generis
1450 2237 1534 2309 perit.
1552 2239 1672 2293 Constat
1686 2237 1777 2309 igitur
1791 2253 1840 2295 eas

138 2323 569 2396 speciessuppenuntur,quod
583 2339 678 2397 genus
692 2324 743 2381 uni
755 2325 863 2398 speciei
869 2341 962 2398 genus
1017 2327 1073 2382 eub
1087 2342 1191 2396 genera
1201 2327 1270 2398 poni
1284 2329 1407 2398 species,
1418 2341 1482 2397 que
1493 2325 1839 2383 differentiiadistribute

137 2428 204 2467 esse
218 2429 371 2483 nunquam
384 2417 479 2484 potest
494 2412 551 2468 nisi
567 2411 713 2485 pluribus,
729 2414 806 2485 qnod
823 2414 961 2487 quonism
1017 2413 1116 2487 plnres
1127 2413 1630 2486 numeroipsarumdifferentiarum
1643 2413 1837 2472 divisionibus

135 2505 183 2556 est
197 2500 334 2558 idoneum
350 2517 444 2574 genus
458 2499 543 2572 iilud,
559 2502 588 2557 id
604 2506 649 2558 est
663 2501 841 2575 principium
857 2518 963 2576 cogna·
1016 2501 1737 2575 componentur.ltrgo,quoniamsuperiusdictum
1748 2502 1835 2560 estin

135 2589 961 2665 tionomctiamabonotiliocolligereetcongregareeo·
1015 2590 1834 2663 omnibusdelinitionibusegeneredetinitionistraben-

135 2678 322 2751 gnationem,
337 2679 416 2751 quod
431 2695 524 2751 genus
539 2695 592 2751 per
606 2680 719 2752 species
731 2680 852 2737 ductum
867 2680 961 2738 iecere
1015 2684 1085 2739 dum
1101 2698 1166 2738 esec
1182 2680 1369 2754 principium,
1385 2680 1410 2736 ai
1426 2696 1516 2752 quam
1531 2679 1690 2750 cujuslibet
1705 2680 1835 2753 speciem

135 2784 195 2822 non
213 2772 320 2839 potest,
337 2767 393 2823 nisi
406 2768 506 2840 plures
528 2769 870 2841 epeciss'aupponantur.
886 2770 960 2827 Con·
1014 2768 1836 2843 delinirevolueris,genusprimoneosesarionominabia,

132 2863 195 2912 stnt
208 2858 238 2912 in
252 2856 306 2913 boc
316 2856 425 2913 distare
433 2874 528 2929 genus
537 2859 614 2929 quod
622 2858 825 2931 cognationem
834 2858 959 2933 colligit,
1013 2863 1043 2916 et
1057 2861 1093 2916 ad
1109 2859 1190 2915 ittam
1212 2860 1338 2933 speciem
1355 2874 1444 2931 quam
1459 2857 1576 2925 detlnis,
1598 2859 1713 2930 generis
1728 2873 1834 2916 nornen

133 2951 161 3002 ct
177 2963 196 3000 a
210 2945 578 3017 quospccieedividuntur.
588 2951 688 3003 Potest
695 2952 794 3004 autem
810 2948 919 3005 distare
928 2948 959 3005 in
1014 2949 1097 3019 prius
1112 2947 1239 3020 aptabis.
1256 2947 1289 3002 [tt
1304 2945 1358 3003 boc
1373 2944 1454 3001 illam
1471 2943 1672 3018 principaliter
1686 2944 1759 2999 dicis
1770 2961 1835 3001 ease

134 3035 192 3091 boc
206 3035 297 3090 etiam
312 3035 390 3106 quod
405 3052 511 3108 genus,
526 3035 555 3092 id
567 3039 612 3092 est
622 3036 798 3110 principium
810 3037 959 3110 cognatio·
1013 3037 1091 3108 quod
1102 3041 1147 3093 est
1162 3035 1235 3092 ittud
1248 3050 1341 3107 genus
1352 3033 1407 3089 sub
1418 3031 1670 3104 quoipaaspocise
1681 3047 1770 3102 quern
1783 3032 1836 3087 de-

133 3128 181 3180 nis
206 3128 304 3195 potest
327 3124 434 3181 babere
457 3125 513 3181 sub
538 3141 570 3182 ee
585 3126 670 3194 duos,
683 3141 716 3182 ex
734 3143 764 3182 se
776 3142 833 3182 nen
849 3125 952 3197 equali
1014 3124 1080 3181 linis
1095 3129 1141 3181 eet
1155 3124 1260 3195 posita.
1278 3125 1346 3177 Post
1355 3124 1451 3176 entem
1463 3118 1637 3175 differentiis
1650 3118 1835 3192 propriisque

132 3213 277 3284 temporis
291 3212 461 3269 conditione
472 3213 651 3287 progenitos,
663 3214 714 3270 sed
726 3214 804 3271 aliud
817 3214 957 3287 posterio·
972 3184 993 3252 c
1012 3230 1076 3270 eam
1093 3213 1129 3269 ab
1146 3212 1212 3269 aliis
1222 3209 1495 3280 circumscriptione
1510 3209 1638 3280 quadam
1654 3207 1834 3266 delinitionis

132 3302 174 3358 ris
189 3308 283 3370 ortus,
300 3301 392 3360 alium
406 3319 474 3359 vero
488 3303 627 3372 senioris,
643 3304 721 3375 quod
738 3303 767 3358 in
790 3303 958 3376 generibus,
1011 3301 1152 3359 excludis.
1161 3302 1233 3357 Nam
1242 3300 1267 3357 si
1277 3298 1351 3355 dicis
1361 3297 1542 3354 animalesse
1552 3295 1834 3366 hominem,enimal

132 3391 349 3464 speciebusque
365 3408 422 3448 non
441 3392 586 3448 conuenit.
602 3392 676 3448 Nam
692 3393 884 3466 (utsuperius
894 3394 959 3450 dio·
1011 3407 1105 3464 genus
1120 3394 1176 3457 est,
1191 3389 1302 3460 species
1313 3403 1380 3444 vero
1390 3386 1489 3443 bomo.
1501 3389 1611 3441 Nomen
1622 3383 1713 3457 igitur
1724 3385 1836 3443 anima-

134 3490 199 3536 tum
214 3481 269 3550 ost)
283 3479 397 3552 species
412 3480 470 3537 nisi
486 3480 543 3536 eibi
559 3479 684 3551 equales
700 3481 809 3538 tuerint
824 3497 880 3539 non
897 3497 959 3538 me·
1011 3479 1060 3547 lis,
1077 3479 1105 3535 id
1122 3477 1300 3550 estgeneris,
1317 3476 1353 3531 de
1364 3473 1492 3546 bomine,
1509 3472 1589 3529 idest
1603 3473 1716 3544 species
1729 3472 1836 3545 pradi-

135 3571 202 3637 rito,
217 3570 268 3625 sed
286 3574 404 3636 nutura,
420 3571 476 3626 sub
487 3585 594 3642 genere
607 3571 676 3643 poni
689 3587 746 3627 non
759 3576 895 3644 possunt.
907 3571 959 3628 His
1011 3568 1097 3638 casti,
1113 3584 1179 3624 cnm
1197 3566 1306 3622 dixeris
1323 3564 1472 3621 bominem
1489 3578 1555 3618 esse
1569 3560 1689 3616 animal.
1709 3560 1790 3625 Quod
1808 3561 1834 3619 si

134 3658 227 3730 igitur
240 3658 385 3731 expeditis
400 3658 536 3731 sequitur
549 3675 556 3715 :
1012 3653 1506 3730 comengenerisindelinitionibus
1515 3654 1550 3707 ad
1562 3668 1650 3707 unam
1659 3650 1835 3723 speciemdi·

169 3749 259 3803 Toticr
273 3747 361 3819 icitur
374 3747 409 3804 dc
426 3764 523 3820 precra
536 3748 621 3816 dxto,
645 3748 677 3805 de
691 3759 832 3821 postremo
849 3748 959 3822 epelpi-
1011 3763 1076 3803 ecre
1087 3762 1199 3818 posses,
1215 3745 1251 3801 de
1265 3760 1300 3801 ea
1314 3757 1420 3799 nomen
1438 3739 1552 3811 generis
1563 3740 1738 3812 predicasse
1749 3756 1756 3795 ι
1768 3755 1834 3813 spc-

132 3839 243 3892 catione
270 3838 343 3892 iuter
365 3837 542 3910 pettosoptoc
568 3837 718 3909 disputatio
741 3847 791 3904 est,
807 3838 878 3911 quod
893 3837 960 3908 defi·
1011 3835 1069 3892 oica
1085 3840 1184 3891 autem
1200 3838 1233 3889 ut
1248 3828 1835 3904 nonaqualimodogeneribuasuissps·

131 3927 244 3981 utentes
259 3927 302 3981 ito
324 3925 470 3983 declarem
479 3947 490 3993 ,·
506 3925 593 3983 Genus
603 3942 661 3982 case
681 3925 753 3998 quod
770 3926 806 3982 ad
815 3925 959 3999 plurimas
1011 3923 1070 3981 oica
1085 3926 1154 3990 sint,
1171 3922 1246 3979 nibil
1261 3925 1349 3988 vetat,
1359 3920 1420 3974 imo
1435 3917 1523 3975 etiarn
1532 3933 1652 3973 necesso
1665 3923 1710 3973 est
1718 3933 1835 3992 semper

131 4014 309 4085 differentias
322 4017 412 4084 specie
426 4014 558 4072 distanter
568 4016 598 4071 in
609 4031 640 4072 co
655 4015 726 4087 quod
740 4015 806 4087 quid
820 4015 869 4082 rit,
883 4030 960 4088 pree·
1011 4005 1834 4085 quascunqueanotgeneradesibitsubjectiaspeoiebusin

132 4102 254 4159 dicetur.
1009 4100 1242 4166 definitionibus,
1256 4099 1301 4155 vel
1316 4099 1346 4153 in
1358 4095 1541 4170 quibuslibet
1552 4094 1834 4166 interrogationibus

168 4191 252 4255 Quod
269 4190 342 4247 dicit
356 4191 455 4260 toties,
472 4191 560 4249 tertio
569 4192 772 4248 demonstrare
784 4190 857 4261 vult,
870 4196 960 4263 atque
1010 4189 1232 4263 predicarised
1244 4187 1383 4262 qnoniam
1394 4184 1835 4257 prediceturgsnusdespecie-

132 4279 450 4352 hocpropterlucidam
462 4279 559 4352 operis
570 4280 676 4337 seriem
689 4280 853 4337 admissum
863 4288 918 4348 est,
927 4283 959 4337 ut
1010 4275 1412 4351 bns,quomodopraedicatur
1421 4272 1641 4346 agnoscendum
1650 4277 1705 4328 est.
1718 4275 1790 4327 Nem
1807 4271 1834 4328 ei

131 4369 273 4440 qnoniam
287 4384 381 4441 genus
393 4367 589 4442 plurimorum
604 4385 711 4426 nomen
722 4374 778 4437 aet,
789 4369 959 4441 omnisejus
1010 4370 1121 4427 diteris
1134 4370 1205 4442 quid
1219 4373 1265 4425 eat
1276 4365 1388 4423 bomo?
1403 4369 1432 4420 et
1442 4362 1551 4435 eliquia
1562 4362 1757 4434 responderit,
1769 4362 1834 4417 eni-

131 4456 262 4529 primum
278 4456 455 4529 signiticatio
468 4457 625 4528 diceretur,
636 4461 669 4512 ut
683 4458 719 4512 de
730 4473 789 4528 qua
804 4457 956 4529 disputan·
1010 4459 1080 4525 mel,
1098 4459 1171 4514 bene
1186 4462 1215 4514 et
1230 4458 1342 4528 integre
1357 4452 1545 4525 respondisse
1560 4451 1684 4521 videtur,
1700 4455 1730 4507 ct
1744 4455 1833 4507 certe.

130 4547 205 4601 dum
226 4550 316 4612 asset,
332 4544 400 4601 aliia
414 4545 543 4616 rejectis,
558 4544 725 4615 eligeretur.
742 4545 823 4613 Quod
846 4546 957 4604 sithoc
972 4551 996 4616 ss
1010 4553 1084 4606 Nam
1099 4562 1166 4605 cum
1182 4554 1213 4604 tu
1228 4545 1298 4618 quid
1315 4544 1354 4600 sit
1368 4542 1456 4599 bomo
1470 4540 1707 4612 interrogaveris,
1724 4539 1773 4596 ille
1788 4556 1833 4597 re·

129 4635 232 4702 modo,
247 4637 319 4691 Cum
336 4636 433 4704 toties,
449 4634 534 4691 idest
549 4634 635 4692 tertio
646 4650 739 4707 genus
754 4634 957 4708 dicaturepud
1012 4638 1133 4709 spondit
1146 4634 1266 4701 animal,
1282 4649 1376 4707 genus
1390 4630 1502 4688 scilicet
1512 4630 1548 4685 de
1562 4629 1660 4702 specie
1671 4630 1700 4684 in
1713 4629 1833 4701 eoquod

127 4724 336 4797 philosophos,
349 4721 497 4790 undeipso
508 4726 741 4779 tractaturusest
755 4724 792 4779 de
806 4728 956 4796 postrema
1008 4726 1080 4799 qnid
1096 4726 1134 4782 sit
1148 4725 1261 4798 species
1272 4723 1455 4795 predicatur.
1467 4718 1541 4775 Nem
1556 4721 1587 4773 tu
1599 4717 1669 4789 quid
1679 4723 1756 4774 esset
1766 4733 1833 4791 epe·

127 4811 251 4884 generis
264 4811 481 4883 significatione
495 4826 585 4882 qnam
601 4811 685 4883 dixit,
695 4810 725 4867 id
740 4816 785 4868 est
795 4812 831 4869 de
845 4810 896 4869 illo
906 4828 956 4885 ge·
1010 4816 1070 4872 cies
1084 4813 1293 4886 interrogasti:
1310 4809 1359 4867 ille
1371 4825 1439 4866 vero
1453 4808 1484 4862 in
1499 4823 1532 4864 eo
1546 4808 1623 4878 quod
1634 4806 1705 4879 quid
1721 4806 1760 4863 sit
1770 4822 1835 4879 spe·

126 4898 956 4972 ncreqoodsobaespeciesbabetdisputatiooonsidera·
1010 4904 1069 4960 cios
1084 4904 1121 4960 de
1142 4919 1201 4975 qua
1222 4897 1421 4971 interrogasti,
1447 4894 1584 4952 animalis
1608 4910 1727 4961 nomen,
1744 4894 1835 4951 idest

123 4986 954 5060 tioqnevertitur.tttuerodesuperioribusgeneribus,id
1009 4982 1833 5064 genusaccomodavit.Plenaigiturelpropriedetlnitio

124 5084 175 5135 est
185 5079 223 5133 de
234 5076 409 5149 cognatione
423 5075 698 5149 etlcceinquoquia
709 5076 828 5149 genitus
840 5081 955 5149 est,uut
1009 5080 1086 5136 tacta
1095 5089 1137 5136 est
1146 5076 1271 5152 generis,
1288 5075 1343 5132 hoo
1358 5090 1423 5131 esse
1432 5090 1538 5146 genus,
1554 5073 1630 5144 quod
1642 5073 1677 5127 ed
1688 5071 1832 5145 plurimas

124 5164 405 5235 historicorum,eut
415 5174 566 5235 poetarum
581 5165 759 5236 exspectatio
770 5166 954 5234 est,eecundi
1007 5168 1188 5224 differentias
1198 5164 1294 5239 specie
1306 5165 1452 5220 distantes
1466 5161 1496 5217 in
1513 5178 1546 5218 eo
1559 5160 1635 5233 qnod
1648 5160 1718 5233 qnid
1729 5162 1768 5218 sit
1778 5177 1832 5235 ep·

123 5270 195 5311 vero
209 5255 328 5325 generis
338 5253 501 5321 rhetorum,
512 5252 590 5308 tertii
603 5251 844 5325 pbilosophorum
856 5255 954 5311 consi·
1007 5256 1142 5331 pellatur,
1168 5262 1201 5312 ut
1216 5255 1325 5312 animet
1343 5269 1350 5308 τ
1377 5251 1485 5308 animal
1511 5251 1590 5306 enim
1615 5250 1650 5305 od
1668 5251 1830 5321 bominem,

121 5346 241 5399 doratio
253 5347 307 5399 ast.
326 5341 418 5397 litium
442 5341 489 5397 bic
506 5340 534 5397 iu
558 5341 951 5414 disputationibusordocet,
1006 5363 1127 5418 equum,
1144 5346 1258 5413 bovem,
1272 5358 1401 5408 corvum,
1413 5355 1550 5411 anguem,
1566 5345 1596 5394 et
1606 5337 1663 5392 alia
1675 5337 1831 5410 pluraque

120 5429 505 5503 quodcuminciderintres
515 5447 578 5502 que
590 5430 691 5486 multia
703 5430 950 5502 possintnomini·
1006 5435 1179 5492 differentiis
1193 5428 1561 5507 speciebusqueditteront,
1578 5427 1607 5482 in
1623 5442 1657 5482 eo
1672 5424 1829 5498 qnodquid

120 5519 951 5592 buanuncupari,etdeunoquocunquoeorumvocabulo
1005 5526 1044 5582 sit
1059 5524 1233 5597 appellatur.
1246 5523 1300 5578 Sed
1317 5525 1416 5576 utrum
1432 5518 1457 5573 si
1469 5517 1542 5572 dixit
1556 5531 1650 5588 genus
1661 5530 1736 5582 esse,
1747 5513 1826 5585 quod

121 5608 249 5666 tractari
263 5606 431 5682 disserique
453 5610 635 5679 accessesit,
657 5609 807 5665 ducuntur
821 5608 903 5684 prius
918 5609 950 5666 in
1004 5615 1041 5671 ad
1058 5605 1496 5687 plurimuspeciesditterentia
1507 5604 1691 5661 distantesin
1701 5617 1735 5657 cc
1747 5600 1827 5672 quod
