3892 6126
108 288 181 347 1015
748 290 808 345 AN.
829 288 940 343 usuc.
959 284 1040 344 BEV.
1059 287 1182 343 sessu
1748 282 1819 341 loto

110 434 231 475 rursum
242 434 300 474 non
312 422 564 476 connumeratoeo
575 416 653 490 quod
665 420 727 474 erat
737 415 766 471 in
776 414 932 488 principio,
948 415 974 483 Α
989 413 1083 469 ribus.
1098 413 1206 470 Earum
1220 428 1287 469 vcro
1302 416 1453 487 quaesunt
1468 415 1588 486 propter
1604 410 1756 485 lllgnram,
1781 412 1818 469 ob

110 513 186 583 quod
204 527 261 565 non
277 508 387 566 hubent
401 525 440 565 ea
455 526 520 581 qnae
536 511 608 564 suut
623 511 742 580 propter
765 507 935 578 petitionem
988 502 1213 560 similitudinem
1229 501 1387 559 dictionis:
1403 501 1523 559 diideile
1535 507 1582 560 est
1596 502 1679 559 enim
1690 500 1819 560 dividere

110 602 175 671 ejus
188 598 265 670 quod
277 597 306 653 in
318 597 543 670 principio.Qnos
553 601 935 669 veroproptcroonsequens
989 609 1053 664 quie
1069 592 1206 649 similiter
1219 596 1248 648 et
1263 608 1328 664 ques
1342 592 1426 648 aliter
1451 592 1591 649 dicuntur
1619 592 1701 664 (nam
1727 591 1818 648 ferme

113 686 784 760 porticulasuntoccidentie,namconsequens
809 681 935 748 accidit:
990 682 1331 755 qnihocpoteetlacere
1357 681 1389 737 in
1419 681 1554 754 procintu
1583 685 1631 739 eet
1661 686 1694 738 ut
1722 681 1819 738 videet

113 776 209 833 diiiert
221 779 320 831 eutem
332 776 368 831 ab
385 776 545 844 accidente,
563 775 702 848 quoniam
719 773 855 829 accidens
868 770 937 843 qui·
990 787 1104 842 verum,
1120 774 1247 828 maxime
1271 775 1369 828 eutem
1391 772 1465 828 sciet
1476 771 1620 837 innuere),
1635 771 1718 845 qnod
1734 786 1819 827 omne

112 864 233 920 domest
245 863 273 919 in
291 881 348 922 uno
359 865 421 922 solo
437 881 565 932 suniero,
582 864 706 919 otidum
725 878 791 918 esee
817 861 936 929 llovum,
991 861 1069 933 quod
1087 862 1122 917 de
1136 860 1235 932 aliquo
1247 859 1757 933 predicator,arbitramur,idipeum
1768 859 1820 917 ali·

114 956 225 1019 etmel,
241 960 270 1011 et
285 954 398 1026 album,
414 959 443 1011 et
458 970 596 1029 cygnum,
609 954 689 1027 quod
705 955 803 1008 autem
819 955 939 1024 propter
992 951 1244 1025 quidesse,etui
1270 968 1360 1008 unum
1389 951 1595 1026 intelligimus,
1614 968 1683 1009 nam
1717 967 1818 1019 unum,

113 1060 311 1116 consequens,
328 1061 446 1116 semper
461 1045 489 1099 in
506 1043 641 1115 pluribus
657 1061 665 1113 ;
681 1058 747 1097 narn
764 1057 826 1113 quae
843 1038 894 1095 uni
910 1041 939 1094 et
993 1046 1022 1098 et
1037 1042 1234 1099 substantiam
1250 1043 1378 1098 menime
1392 1041 1509 1098 videtur
1523 1041 1610 1113 sequi
1626 1042 1657 1097 id
1672 1041 1756 1114 iyuod
1779 1044 1821 1099 eei

113 1133 207 1189 eidem
220 1133 445 1202 sunteudem,et
456 1131 513 1189 sibi
524 1132 648 1188 invicem
662 1129 852 1203 postulantur
875 1143 940 1185 esse
994 1130 1117 1203 aliquid,
1135 1135 1163 1188 ct
1178 1147 1242 1188 ens.
1255 1133 1350 1197 Quare
1365 1132 1395 1187 in
1411 1131 1447 1187 iis
1463 1148 1527 1204 que
1541 1135 1615 1188 sunt
1630 1134 1755 1205 propter
1780 1130 1821 1187 di·

114 1222 435 1295 ecdem,propterquod
447 1222 599 1293 litesque
625 1225 743 1293 propter
757 1233 940 1290 consequens
994 1221 1120 1277 ctionem
1131 1220 1271 1277 hicloons
1281 1219 1714 1294 ponendus‚primumquidem
1731 1221 1820 1295 mqie

116 1312 457 1384 redargutiollstautem
470 1328 525 1368 nou
537 1311 657 1367 omnino
667 1326 778 1378 verum,
802 1313 834 1364 ut
850 1307 875 1363 si
901 1305 942 1363 sit
995 1310 1127 1383 deceptio
1142 1310 1273 1383 gignitur
1287 1310 1318 1365 in
1334 1310 1370 1366 iis
1385 1310 1436 1381 qui
1451 1326 1518 1365 cum
1535 1309 1602 1366 aliis
1621 1309 1820 1382 considerant,

116 1400 216 1458 album
227 1402 389 1458 secundum
405 1401 554 1466 accidens,
569 1416 638 1456 nam
654 1403 682 1455 et
697 1398 746 1454 nix
772 1402 801 1454 et
829 1411 942 1470 cygnus
996 1416 1085 1472 quem
1099 1399 1149 1471 qui
1165 1415 1217 1472 per
1231 1401 1344 1472 seipsos
1358 1417 1364 1450 τ
1379 1415 1447 1456 nam
1462 1414 1496 1457 ea
1510 1415 1572 1471 quae
1593 1414 1663 1455 cum
1695 1398 1754 1455 alio
1780 1404 1820 1457 est

117 1491 184 1548 elbo
199 1493 288 1563 idem,
304 1498 488 1549 autrnreum
504 1493 534 1548 in
563 1491 675 1548 Melissi
702 1489 835 1546 cretione
863 1488 940 1543 idem
996 1489 1201 1559 consideratio,
1217 1506 1268 1562 per
1282 1489 1443 1545 orationem
1459 1494 1521 1546 est:
1552 1504 1618 1560 que
1642 1492 1747 1545 eutem
1774 1504 1820 1561 per

118 1596 183 1637 esee
194 1583 299 1652 occipit
310 1584 419 1639 l'ucium
431 1597 506 1649 esee,
522 1586 551 1637 et
561 1580 740 1653 principium
756 1577 875 1646 habere,
892 1580 943 1633 out
996 1578 1182 1650 seipsoe,non
1199 1579 1296 1634 minus
1306 1594 1357 1649 per
1367 1577 1461 1650 ipsam
1485 1593 1557 1634 rem.
1575 1576 1693 1635 Deinde
1719 1582 1751 1634 et
1775 1594 1819 1651 per

118 1670 521 1741 oequelialieri,eteamdom
542 1668 776 1742 magnitudinem
798 1667 941 1737 accipere.
996 1669 1110 1741 seipsos
1124 1667 1218 1740 decipi
1245 1667 1361 1735 occidit,
1389 1668 1506 1739 quando
1535 1667 1565 1722 in
1593 1668 1732 1725 oratione
1758 1667 1819 1725 lauit

118 1761 345 1825 Quoniamenim
355 1760 535 1832 principium
544 1758 714 1830 hebetqnod
727 1758 837 1813 lectum
849 1759 903 1823 eet,
914 1758 943 1810 et
957 1786 983 1853 B
997 1758 1260 1815 considerationem
1272 1773 1282 1813 .·
1295 1762 1434 1828 preterea
1444 1756 1575 1829 deceptio
1595 1757 1724 1829 quidem
1738 1772 1772 1814 ex
1783 1756 1818 1813 ei·

118 1850 296 1920 quodhabet
311 1849 685 1921 principium,iactumessc
709 1845 848 1919 postulet,
877 1850 942 1900 ten·
997 1847 1175 1914 militudine,
1191 1845 1355 1903 similitudo
1371 1851 1469 1902 entem
1497 1863 1532 1902 ex
1558 1845 1706 1903 diutione.
1733 1845 1766 1902 ln
1788 1846 1819 1904 iis

118 1933 945 2010 quemomboeademsint,eoquodprinoipiumhabeut
997 1942 1174 2007 cutemque
1202 1941 1273 1992 sunt
1302 1934 1630 2008 propteraccidens,eo
1660 1937 1744 2008 quod
1768 1951 1818 1993 non

118 2028 303 2084 factumesse
315 2032 345 2083 et
356 2022 815 2095 linitumsimilitereutemietin
826 2022 864 2080 iis
879 2037 944 2093 qua
997 2031 1093 2099 potest
1116 2026 1277 2096 dijudicare
1292 2025 1371 2082 idem
1400 2030 1430 2081 et
1456 2024 1619 2093 diversum,
1636 2030 1669 2081 ei
1686 2041 1777 2082 unum
1792 2029 1819 2081 et

118 2115 244 2187 aequalis
259 2116 426 2182 factasunt,
437 2115 462 2171 si
478 2115 612 2171 eamdem
639 2111 887 2186 magnitudinem,
916 2114 946 2165 et
998 2114 1101 2181 multu,
1118 2114 1332 2186 nequequibus
1356 2113 1579 2186 predicatorum
1601 2113 1816 2171 omniahsseet

119 2221 210 2261 unum
221 2204 372 2261 sumentia
380 2203 505 2276 equalis
517 2204 636 2272 linotet
646 2219 711 2275 que
723 2201 849 2273 equalis
867 2200 946 2256 lacta
998 2205 1039 2261 roi
1055 2202 1454 2261 occiduntilimiliteruulem
1469 2208 1500 2259 et
1514 2202 1544 2258 in
1560 2202 1598 2259 iis
1613 2219 1683 2276 quia
1709 2208 1817 2276 propter

120 2293 350 2361 eunt,enmdem
373 2298 403 2349 et
431 2309 521 2348 unam
550 2290 785 2363 magnitudinem
809 2291 945 2356 sumunt,
997 2292 1454 2366 consequenssnnt,parsenim
1482 2292 1618 2364 quedam
1651 2290 1816 2358 accidentis,

121 2399 212 2455 querc
223 2398 409 2455 consequens
419 2381 511 2439 sumit
523 2400 532 2449 ,·
542 2382 620 2454 quod
632 2380 724 2453 igitur
735 2385 854 2452 propter
868 2377 945 2434 aeci·
997 2388 1244 2455 estconsequeue.
1260 2381 1406 2454 Amplius,
1421 2385 1452 2437 et
1466 2381 1496 2437 in
1519 2381 1623 2437 multis
1650 2382 1818 2454 apparetet

120 2471 194 2529 dene
212 2472 391 2543 redargutio,
402 2471 433 2527 in
449 2469 615 2544 ignorantie
643 2467 860 2542 redargutionis
889 2470 945 2534 est,
999 2470 1360 2544 postulaturhocpocto,si
1375 2470 1478 2527 hecub
1494 2469 1542 2526 illo
1570 2486 1630 2526 oon
1662 2476 1817 2543 separetur,

121 2560 325 2626 manifestum,
341 2565 370 2617 et
385 2560 462 2632 quod
477 2576 511 2617 aa
525 2564 654 2630 quossi,
669 2563 714 2615 est
728 2563 848 2631 propter
875 2574 946 2613 con·
998 2578 1051 2619 nec
1066 2562 1102 2618 ab
1119 2560 1209 2618 altero
1225 2564 1379 2634 separatur
1394 2560 1528 2616 alterum.
1544 2559 1577 2616 ln
1598 2560 1637 2616 iis
1665 2576 1735 2617 rere
1760 2574 1817 2632 oue

122 2649 592 2721 sequenslnsptoiendumsutem
603 2647 684 2705 estid
694 2651 723 2704 et
734 2647 807 2704 olias
829 2646 947 2705 melius.
998 2656 1070 2707 sunt
1085 2648 1567 2722 propteromissionemorntionie,
1584 2654 1613 2704 et
1638 2648 1672 2704 in
1696 2648 1733 2706 iis
1761 2663 1817 2721 qua

121 2740 189 2805 Oua
200 2756 266 2796 vero
279 2746 398 2812 propter
407 2740 435 2796 id
448 2739 524 2811 quod
536 2744 582 2796 eet
591 2738 690 2811 plures
702 2738 946 2811 interrogationes
999 2746 1069 2796 sunt
1079 2739 1231 2812 propterid
1244 2738 1426 2812 quedeliquo
1438 2738 1523 2794 modo
1540 2742 1570 2793 et
1588 2737 1776 2809 simpliciter,
1788 2751 1817 2793 eo

121 2837 256 2888 utonem
270 2831 407 2900 lacere,in
421 2836 537 2888 eosunt
557 2831 634 2903 quod
657 2847 715 2886 non
745 2827 945 2899 enucleamus,
999 2830 1077 2901 quod
1090 2833 1207 2901 propter
1218 2827 1532 2901 porum,deceptioeei,
1548 2826 1622 2884 Nom
1648 2827 1736 2900 qussi
1752 2824 1816 2883 nihil

121 2921 246 2979 eirenen
255 2920 947 2996 dividimuspropositionisorutioncmmempro·
998 2919 1201 2991 consignificet
1217 2918 1287 2990 quid
1300 2916 1458 2989 autaliquo
1468 2916 1564 2983 modo,
1575 2921 1629 2973 out
1639 2913 1814 2989 simpliciter,

121 3007 947 3083 positiounumdsuuoestNamidemterminusunius
999 3008 1248 3076 autalieubi,aut
1267 3022 1356 3075 nune,
1386 3005 1592 3063 universaliter
1621 3005 1815 3063 consedimus.

122 3100 215 3157 solius
228 3101 368 3158 hominis.
385 3099 527 3157 Similiter
537 3105 637 3156 entem
651 3104 680 3154 ei
690 3098 720 3153 in
732 3098 841 3154 nliis.Si
857 3097 949 3169 igitur
962 3144 984 3213 C
1002 3097 1142 3154 Similiter
1155 3102 1253 3153 sutem
1264 3101 1293 3153 et
1304 3096 1333 3151 in
1346 3096 1382 3153 iis
1398 3094 1554 3168 quaequod
1571 3095 1600 3151 in
1616 3094 1763 3168 principio
1779 3096 1817 3151 ui

122 3205 181 3245 una
197 3190 357 3261 propositio
372 3195 417 3246 est
432 3205 498 3261 ques
514 3204 605 3245 unum
623 3189 659 3244 de
674 3204 732 3243 uno
748 3186 888 3259 postulat,
918 3189 947 3241 et
1002 3193 1135 3257 sumunt,
1147 3193 1176 3245 et
1190 3188 1219 3243 in
1236 3205 1294 3244 noo
1306 3188 1413 3255 causis,
1426 3191 1455 3242 et
1469 3199 1656 3257 quecunque
1667 3185 1767 3256 plnres
1777 3184 1815 3239 in·

122 3276 299 3348 simpliciter
307 3278 363 3334 erit
377 3276 538 3348 propositio
553 3276 622 3331 telis
637 3275 837 3347 interrogatio.
856 3273 946 3346 Atqui
1000 3279 1214 3351 terrogationes
1227 3281 1260 3333 ut
1271 3293 1359 3333 unam
1372 3276 1493 3333 iaciunt:
1507 3273 1816 3332 inomnibusenimtis

124 3366 263 3435 quoniam
279 3364 470 3438 syllogismus
484 3380 520 3420 ex
548 3362 800 3436 propositionibus
825 3368 881 3429 est,
899 3377 946 3417 re·
1000 3372 1044 3424 eet
1059 3368 1200 3439 deceptio,
1215 3367 1251 3421 ob
1263 3366 1291 3422 id
1307 3365 1384 3438 quod
1401 3371 1518 3437 propter
1533 3380 1652 3437 perum,
1669 3380 1740 3421 nam
1766 3378 1815 3420 non

125 3454 261 3524 dargutio
277 3458 374 3510 sutem
391 3452 590 3526 syllogismus,
606 3456 634 3508 et
648 3452 816 3523 redargutio
832 3451 887 3507 erit
909 3467 945 3508 ex
998 3462 1096 3515 erasto
1111 3455 1308 3513 dissernimus
1322 3469 1417 3526 neque
1432 3452 1644 3526 propositionis
1660 3468 1756 3525 neque
1768 3450 1816 3524 syl·

118 3540 381 3614 propositionibus.
397 3542 424 3597 si
439 3542 530 3613 igitur
541 3541 701 3614 propositio
713 3555 803 3596 unum
817 3539 852 3596 de
873 3556 942 3608 uno,
998 3546 1115 3619 logiomi
1130 3545 1303 3616 terminum,
1319 3548 1438 3616 propter
1453 3541 1624 3615 predictum
1635 3559 1769 3600 conum.

118 3631 308 3687 munileetum
320 3631 460 3705 quonium
476 3637 504 3686 et
514 3628 576 3688 hac
586 3630 617 3685 in
629 3628 843 3697 redargutionis
859 3628 942 3701 igno·
1299 3631 1416 3689 CAPUT
1440 3631 1502 3689 Vll.

116 3720 224 3787 rantis,
242 3735 308 3776 nam
323 3725 443 3791 apparet
457 3735 522 3776 esse
537 3719 697 3790 propositio
712 3735 776 3791 queo
812 3736 868 3775 non
898 3722 943 3775 est
1156 3730 1199 3784 oo
1210 3725 1309 3799 quidue
1325 3722 1392 3782 locis
1405 3722 1547 3796 captiones
1558 3721 1651 3793 [ekes.

115 3808 288 3880 propositio.
305 3808 335 3865 Si
360 3810 458 3881 itaque
483 3807 564 3864 dedit
592 3809 813 3879 responsionem
844 3814 876 3865 ut
906 3808 941 3864 ud
1031 3811 1815 3885 Quoniomootemhahemuspropterquescuuquelluut

117 3913 208 3955 unam
222 3896 493 3970 interrogationem,
507 3896 562 3953 erit
572 3898 740 3968 redargutio
752 3915 759 3967 ;
791 3897 815 3952 si
843 3903 941 3953 nutem
995 3910 1170 3977 apparentes
1179 3903 1498 3978 syllogismi,hobemus
1513 3907 1542 3958 ei
1553 3907 1674 3974 propter
1685 3918 1815 3975 quaenu-

117 4001 175 4042 non
197 3985 319 4055 dederit,
349 3987 399 4043 sed
428 3991 560 4058 apparot,
591 4002 732 4058 apperens
761 3987 939 4059 redargutio.
995 4009 1052 4065 que
1066 3995 1142 4049 liunt
1154 3992 1304 4063 sophistici
1334 3989 1497 4063 syllogismi
1524 3992 1554 4045 et
1586 3990 1815 4059 redargutiones.

117 4076 325 4142 Quorsumnes
338 4073 392 4130 loci
405 4075 552 4131 cuduntin
569 4075 783 4147 redargutionis
803 4076 940 4147 ignoran·
995 4082 1062 4139 oioo
1078 4087 1175 4139 autom
1192 4081 1382 4153 sophistieom
1399 4078 1637 4150 redargutionem
1652 4082 1683 4135 et
1704 4074 1815 4151 syllogi-

116 4165 201 4233 tlom,
217 4165 404 4239 quiquidem
428 4166 498 4221 dicti
528 4169 598 4221 sunt
626 4171 745 4237 propter
770 4165 939 4234 dictionem,
994 4188 1104 4239 smum,
1121 4170 1281 4229 nouaclum
1292 4174 1480 4241 apparentem
1494 4165 1703 4241 syllogismum
1718 4172 1816 4224 antre-

115 4254 760 4328 quiaestepporenscontradictioouoderei
789 4254 939 4326 proprium
994 4255 1816 4333 usrguuonemnonexistsntemqniusm;sedetsxistes·

116 4343 344 4415 redargutionis,
360 4343 410 4401 alii
424 4353 521 4402 nutem
552 4347 672 4417 propter
697 4343 858 4417 syllogismi
880 4349 940 4400 ter·
996 4355 1054 4407 tom
1073 4349 1203 4419 quidem,
1224 4354 1255 4404 at
1284 4350 1459 4419 apparenter
1487 4346 1743 4403 accommodatam
1770 4342 1816 4400 rei.

117 4432 244 4488 minum.
994 4435 1815 4507 Suntautomills,ouenoneeoundumremredergnnnl,

440 4540 553 4598 cgpuy
571 4539 618 4596 vy,
955 4518 1024 4584 Det
1038 4543 1104 4599 qnae
1118 4530 1285 4583 monstrant
1312 4525 1491 4595 ignorantes,
1508 4523 1585 4594 quod
1611 4522 1736 4595 quidem
1762 4523 1816 4581 erat

168 4646 266 4705 doctu
281 4646 477 4720 deceptionem,
492 4647 653 4720 captionum
668 4646 892 4721 sophisticorum.
996 4611 1817 4775 ξ’θὶἳξέὲυῗῖιἑἱῗέἔῖοῖξιῖξῖἰζιΞὲῧῗῖἒέἴῖωέἰὲ

151 4789 402 4864 Deceptioeutem
422 4793 455 4848 lit
477 4791 560 4849 iniis
583 4791 700 4864 quidem
731 4807 794 4862 ques
824 4797 943 4864 propter
995 4787 1760 4867 ignoruntiumejusquidstorationem.Sophisticse
1771 4804 1815 4845 an·

118 4880 380 4953 aequivocationem
392 4887 422 4938 et
435 4882 609 4945 cretionem,
626 4879 750 4953 eoquod
767 4896 824 4935 non
848 4884 942 4952 potest
994 4882 1273 4953 temredargutiones
1283 4879 1393 4936 tametsi
1401 4880 1540 4951 colligent
1550 4878 1816 4941 contradictionem,

117 4970 183 5042 quis
213 4970 384 5027 dividereid
414 4969 709 5041 quodmultiplioiter
732 4968 851 5034 dieitur,
874 4983 941 5023 riom
997 4968 1576 5041 oonsooiuntmanifestumsiignorat,
1594 4984 1665 5025 nam
1683 4968 1815 5026 sessim·

117 5062 250 5132 quodam
263 5076 322 5114 non
340 5066 384 5116 est
399 5064 568 5132 promptum
591 5058 731 5126 dividere,
747 5061 780 5111 ut
795 5073 898 5122 unum.
914 5061 943 5113 et
998 5068 1056 5119 lem
1069 5059 1232 5133 impediunt
1247 5059 1327 5115 hisee
1341 5057 1533 5115 orationibus.
1547 5055 1632 5119 Quod
1647 5062 1749 5115 anum
1759 5055 1815 5113 utu

117 5148 515 5216 ens‚etidem.loilsautem
540 5151 690 5219 quusunt
720 5151 837 5216 propter
861 5162 941 5201 com·
996 5147 1579 5220 habeamus,haoviamnniiestumest,
1607 5162 1679 5203 nem
1709 5148 1815 5220 proptu

117 5237 294 5308 positionem
309 5243 336 5291 et
352 5236 539 5301 divisionem,
553 5251 586 5291 eo
615 5235 694 5305 quod
720 5232 792 5289 nibil
823 5239 942 5305 putatur
996 5230 1817 5311 quocunqueappuretaudientibneutinterrogetesyllo·

116 5324 232 5381 differre
243 5325 407 5396 composita
422 5330 450 5380 et
473 5322 568 5380 divisa
587 5324 689 5391 oratio,
707 5339 758 5379 ceu
787 5323 883 5380 evenit
911 5324 941 5378 in
995 5329 1225 5399 gisors,propter
1237 5327 1296 5381 hec
1306 5330 1335 5382 et
1345 5323 1534 5396 respondenti
1545 5323 1651 5397 utique
1662 5325 1815 5381 videatur:

116 5413 263 5485 plurimis.
280 5411 424 5468 Similiter
439 5417 536 5467 antem
561 5417 591 5467 et
605 5414 635 5466 in
650 5410 687 5468 iis
714 5427 778 5484 quae
794 5417 864 5467 sunt
878 5427 942 5483 pro·
996 5432 1084 5487 quere
1094 5420 1180 5472 erunt
1192 5413 1356 5487 syllogismi
1367 5412 1433 5469 latei
1445 5429 1496 5483 per
1510 5412 1758 5481 haceutomnia,
1773 5410 1816 5467 sot

117 5509 182 5574 pter
196 5504 424 5564 acceutnmmon
435 5502 513 5556 enim
530 5500 611 5555 aliud
634 5502 751 5558 videtur
777 5501 942 5571 significare
996 5505 1106 5577 aliqua,
1124 5520 1192 5560 nam
1209 5504 1288 5575 quod
1304 5519 1362 5559 non
1379 5502 1577 5574 interrogatus
1592 5500 1758 5560 arbitratur
1769 5500 1814 5557 de·

117 5587 505 5660 intensa,etremiesaoratio
524 5589 672 5663 ioniique,
689 5595 739 5647 sut
760 5606 820 5647 non
835 5589 864 5644 in
881 5589 943 5662 plu·
995 5595 1085 5661 disee,
1097 5599 1126 5652 et
1139 5592 1338 5666 interrogatus
1355 5608 1472 5665 quoque
1488 5586 1814 5666 ponetllerominoni·
