3892 6126
144 173 212 228 titt

141 310 210 349 rous
224 294 318 345 irritor
331 305 434 344 comme
448 304 486 343 uu
509 291 739 356 blesphimctsur,
762 294 785 345 si
807 307 875 345 rous
888 310 906 360 y
920 295 965 346 ds·
979 301 1005 366 Α

141 380 259 425 meursz,
276 370 302 415 et
317 365 338 414 si
351 379 417 416 rous
431 364 457 414 te
471 368 601 414 soutenez
616 365 878 429 opinittrementiin
892 366 965 428 silet,

141 440 254 490 nest-ce
273 451 319 501 pes
333 435 400 486 inire
422 448 476 486 une
498 436 600 500 grande
622 436 711 499 injure
732 438 748 487 i
771 438 837 488 ltisu
862 437 895 488 de
911 438 969 488 dire

141 510 207 574 qu'ii
224 509 267 559 n’u
282 522 330 570 pse
344 507 425 557 voutu
441 506 546 556 donner
562 506 586 557 ie
599 508 713 570 pontoir
735 508 768 557 de
793 509 919 572 parvenit
931 523 966 561 eu

140 580 212 631 ssiut
227 580 243 628 t
258 578 327 628 cetui
342 578 387 641 qui
408 582 449 627 est
469 578 535 641 piri,
561 582 587 628 et
608 579 655 642 qui
679 593 695 629 s
718 593 751 628 cu
773 579 874 644 i'usege
895 580 928 630 de
943 579 970 631 ts

140 651 233 702 rsisou
248 652 276 699 et
290 649 324 700 de
338 649 363 699 le
378 649 481 700 liberii.
496 649 556 707 Cer,
574 663 608 700 ue
624 654 745 714 pouvunt
759 665 806 714 pus
830 653 889 701 nior
905 650 970 716 uu'ii

141 723 166 772 le
180 720 363 771 condemnere
378 735 480 770 comme
496 723 712 784 privericuteurs
727 721 760 771 de
778 736 820 772 ses
835 736 969 773 commen·

141 792 263 842 demente
278 790 347 842 dens
360 792 491 843 i'exemcu
508 792 541 842 de
557 806 606 842 son
619 793 770 858 jugement.
785 799 813 844 st
832 795 968 847 d'uilisurs

141 863 208 920 cetui
221 865 267 926 qui
282 864 327 914 u'u
340 864 417 926 point
432 878 495 928 recu
512 863 538 914 le
552 863 629 928 grtes
642 865 704 914 n'en
719 866 784 915 ituit
798 866 875 930 point
889 867 968 916 reds-

139 934 227 992 table,
244 938 272 984 et
286 947 320 984 ne
334 939 454 998 pouvaut
469 949 516 996 per
542 937 710 1000 consequent
735 936 792 987 itre
816 937 967 988 condumub

140 1019 244 1056 comme
260 1006 391 1070 coupeble
416 1006 449 1056 de
474 1006 570 1056 l'ssoir
595 1009 706 1070 perdue‚
728 1021 762 1058 en
789 1012 916 1058 esserunt
936 1023 967 1060 ce

140 1078 236 1142 dogme
251 1077 343 1141 impis,
360 1092 430 1128 nous
448 1092 517 1128 nous
531 1080 642 1129 eierous
657 1085 749 1130 contre
773 1079 839 1129 Dieu
859 1079 966 1144 meme,

139 1152 168 1200 et
182 1164 216 1199 eu
233 1151 344 1199 vouteut
359 1154 418 1214 trop
436 1149 541 1200 donner
555 1152 611 1200 iss
626 1149 714 1212 price,
738 1165 808 1200 nous
821 1155 967 1215 situquont

139 1235 168 1271 ss
179 1222 286 1284 justice.
301 1223 330 1271 te
346 1227 447 1271 retent
462 1235 511 1286 per
525 1223 620 1272 devers
633 1225 687 1272 moi
700 1236 752 1272 unc
765 1221 842 1285 copie
853 1222 886 1272 de
897 1229 966 1275 cette

138 1293 225 1355 lettre,
241 1306 311 1357 pour
325 1307 359 1344 en
375 1291 443 1343 isira
460 1295 485 1343 ie
501 1293 610 1356 tecture,
621 1294 662 1344 s’tt
676 1300 717 1344 est
731 1294 966 1352 uicesssire.deus

784 169 965 228 tpuuuutx
984 171 1033 228 ΑΒ
1052 170 1208 230 Bouttutt

1785 170 1849 225 titt

1023 374 1037 407 ε
1055 298 1119 412 (im)
1135 297 1246 351 Paulus
1260 299 1403 363 episeopus
1417 297 1450 349 in
1464 294 1577 348 Christi
1589 293 1720 355 nomine,
1730 293 1817 357 relipi
1826 303 1850 343 st

1038 377 1057 411 u
1075 378 1098 411 s.

1053 432 1209 496 Eutropius
1223 434 1255 484 in
1269 432 1384 484 nomine
1406 430 1512 483 Christi
1535 431 1634 493 episc..
1659 428 1715 477 rei.
1740 435 1768 476 et
1780 427 1847 477 subs.

1054 505 1239 569 Propmotius
1254 505 1286 555 in
1302 504 1408 556 ctrtstt
1422 503 1501 567 eipso
1514 502 1613 563 episc..
1630 496 1688 546 rel.
1704 504 1732 546 et
1748 494 1821 546 subs.

1053 577 1169 627 Patiens
1185 577 1216 625 in
1232 575 1341 627 cbristo
1355 574 1448 637 epita,
1461 572 1513 621 ret.
1528 578 1556 619 et
1570 569 1650 618 subs.

1052 648 1248 711 Euphronius,
1261 648 1314 697 rel.
1326 655 1352 697 et
1372 644 1532 696 admiratus
1556 656 1623 690 suns
1638 638 1846 703 plenitudinem

1023 729 1159 769 sonetum.

1053 791 1191 853 Mepetius
1205 790 1359 852 episcopus,
1374 789 1425 838 rel.
1441 797 1466 838 et
1478 787 1557 836 subs.

1055 862 1193 912 Claudius
1207 862 1239 911 in
1253 862 1367 912 nomine
1382 859 1489 910 Cleristi
1503 858 1602 919 epten,
1619 856 1678 906 rel.
1695 863 1723 904 et
1735 855 1809 904 subs.

1052 929 1206 980 meadius
1220 930 1252 978 in
1266 928 1382 979 nomine
1396 927 1501 978 Christi
1512 927 1613 989 episc,
1627 925 1686 973 rel.
1701 931 1728 973 et
1744 922 1815 973 subs.

1051 998 1191 1047 Julianus
1205 998 1237 1046 in
1251 997 1366 1047 nomine
1381 995 1484 1046 ctrtstt
1498 995 1597 1057 episc„
1612 993 1670 1042 rel.
1685 1000 1714 1042 et
1727 993 1800 1042 subs.

1051 1068 1176 1118 Luetaus
1185 1069 1342 1133 presbyter,
1358 1067 1411 1116 rel.
1428 1074 1454 1117 et
1467 1067 1545 1117 subs.

1020 1297 1072 1349 que
1089 1297 1155 1334 rous
1169 1281 1313 1333 demeurss
1338 1280 1547 1346 opiuittremsnt
1570 1278 1687 1329 eusebi
1708 1279 1724 1328 i
1746 1291 1793 1329 vos
1813 1294 1847 1330 er-

138 1365 301 1416 t'essembiie
312 1365 360 1415 des
371 1367 455 1415 seinis
470 1366 594 1429 breones.
618 1365 645 1416 Si
667 1379 735 1416 vous
755 1366 837 1430 juger
861 1367 877 1416 i
900 1380 964 1429 pro·
1021 1371 1105 1414 ituri·
1121 1358 1148 1438 θ)
1169 1367 1238 1404 '0⁰⁸
1261 1354 1433 1413 m'0bliii0‘e‘
1458 1352 1492 1403 ἀ*
1519 1365 1590 1402 '⁰¹¹⁸
1615 1350 1762 1440 ⁶⁶⁰⁰&
1782 1351 1846 1401 Μ’

139 1449 188 1499 pos
203 1437 235 1487 de
250 1438 275 1487 le
288 1438 408 1487 receuoir
433 1441 460 1487 et
479 1437 659 1487 d'embresser
680 1437 707 1488 ts
729 1437 853 1488 doctrine
866 1438 965 1502 qu'ells
1019 1443 1087 1479 '⁰¹¹⁸
1101 1427 1168 1476 ΜΝ
1183 1425 1321 1476 ⁰⁰⁰¹¹⁸¹ii⁰
1337 1425 1374 1508 {0¹
1388 1437 1525 1504 ‘lilim‘
1550 1422 1622 1481 Μ’
1644 1423 1720 1472 ‘¹⁸⁰⁸
1743 1421 1846 1473 ¹⁸⁸⁸*

139 1505 267 1563 contient,
294 1504 530 1570 meropes-lemni
557 1506 688 1555 conserite
710 1505 743 1554 de
769 1510 845 1556 rotro
866 1518 965 1569 propre
1019 1500 1137 1552 ilbodus
1151 1496 1278 1561 iriques.
1302 1497 1456 1547 Fsttesmor
1479 1496 1554 1577 douc
1577 1496 1706 1559 reportes
1730 1493 1845 1574 stiones

139 1575 220 1623 mein.
235 1575 262 1624 Si
278 1590 345 1625 rous
360 1588 394 1625 ne
409 1576 503 1626 toules
518 1590 599 1640 pusy
616 1574 782 1639 requiescer,
806 1575 961 1628 mundes-ts
1019 1586 1072 1638 (11¹⁰
1095 1569 1123 1633 5⁸
1139 1582 1208 1618 '⁰¹¹⁰
1228 1567 1317 1645 ‘crite
1331 1579 1396 1647 *Ψ
1415 1565 1609 1648 diifflfflmist
1639 1568 1670 1614 θ*
1694 1563 1847 1642 ΜΡΝ

138 1647 193 1695 moi
223 1646 304 1697 eussi.
332 1646 399 1697 Meis
426 1647 449 1696 si
474 1661 541 1697 vous
566 1661 600 1697 ne
630 1661 672 1697 ms
698 1647 724 1698 ls
751 1661 888 1712 rsuroyes
916 1662 965 1713 pes
1019 1641 1108 1707 guito:
1126 1650 1352 1703 merquesmorsr
1377 1649 1444 1688 rous
1467 1647 1677 1702 yscquretoet.
1691 1647 1728 1685 0¹¹
1751 1647 1845 1684 11*οΜ

138 1716 277 1773 souscrite,
293 1727 361 1764 vous
380 1727 424 1765 me
442 1714 512 1766 teres
536 1716 676 1767 conueitro
699 1728 748 1780 psr
771 1720 847 1768 rotro
864 1715 964 1769 seleuce
1017 1714 1044 1764 is
1056 1714 1166 1774 rerstss,
1186 1717 1238 1760 etc.

1144 2017 1208 2081 (2⁴5)
1222 2012 1403 2066 EXEMPLAR
1419 2012 1603 2064 EPiSTOLAE
1620 2014 1737 2066 tuctur

311 2020 441 2073 LETTRE
458 2020 503 2073 DU
520 2012 654 2074 PRETRE
674 2020 795 2074 Lucmu

1324 2076 1537 2128 persentitur.

168 2158 226 2207 tux
243 2158 297 2206 tris
312 2157 397 2207 seinte
422 2157 561 2219 seigneurs
586 2160 613 2207 et
633 2157 872 2208 reverendissimes
887 2157 965 2208 Piros
1051 2160 1184 2211 nominis
1200 2157 1371 2208 notisnotis
1393 2163 1419 2204 et
1433 2157 1465 2206 in
1476 2155 1593 2206 Christo
1609 2156 1844 2207 reverendissimis

139 2240 173 2276 en
188 2227 377 2285 lesus-Christ,
394 2226 550 2289 Euphronis,
567 2227 681 2286 Lbonce,
704 2227 814 2286 liontte,
835 2227 964 2285 Virsnce,
1014 2231 1149 2294 patribus
1164 2228 1339 2291 liuplsronio,
1354 2227 1477 2283 Leontio.
1494 2228 1629 2286 Fonteio,
1648 2228 1844 2279 Visentiollo·

139 2297 289 2357 llummmt,
303 2299 419 2355 Patient,
435 2299 530 2349 Virien
546 2314 579 2350 ou
597 2301 702 2356 Virisu.
718 2300 840 2358 Aureus,
855 2300 963 2359 uiuere,
1018 2311 1116 2360 merto,
1134 2302 1264 2359 Patienti.
1285 2301 1415 2362 Veriano,
1442 2299 1592 2359 taxante,
1608 2299 1743 2358 'Fausrm
1758 2299 1843 2357 Paulo,

141 2369 218 2427 Paul,
234 2372 359 2433 Magone,
386 2372 461 2428 Grec,
486 2370 612 2433 linirent,
631 2370 747 2435 beonoc,
770 2371 876 2428 Claude.
893 2372 964 2421 tisr-
1017 2376 1145 2439 Mepetio,
1171 2375 1275 2429 Groeoo,
1298 2372 1444 2434 Eutropio,
1468 2372 1601 2434 Leontio,
1628 2372 1761 2429 Claudio,
1785 2373 1843 2421 llar—

137 2440 186 2497 cei,
211 2441 326 2504 Croque,
356 2441 451 2496 Busiie.
479 2441 589 2500 Claude,
615 2445 691 2505 (tto),
715 2441 831 2500 Ursicin,
856 2440 964 2493 Prttex·

137 2514 186 2569 tet,
200 2511 351 2576 Prsgmete,
368 2512 539 2575 Theoplasto,
564 2513 692 2572 Liocsde,
717 2512 846 2574 Vivauce,
861 2512 961 2575 luiieu,

138 2581 266 2641 Amissis,
289 2583 365 2638 leon,
387 2583 492 2646 Opilion
516 2587 543 2634 et
562 2583 638 2634 Ltcin
662 2599 696 2634 ou
725 2586 811 2643 bisin,
834 2584 961 2648 iniquos.

167 2647 223 2702 Vos
237 2655 456 2703 avertissements
479 2655 642 2704 cheritsbles
664 2658 727 2705 sont
749 2654 872 2718 toujnnrs
893 2655 961 2704 selu·

137 2723 229 2780 tetros,
246 2728 272 2773 et
286 2724 324 2773 les
334 2724 487 2788 ingements
499 2738 552 2789 que
566 2738 634 2774 rous
658 2725 757 2776 render
779 2730 841 2775 sont
861 2725 910 2775 des
920 2739 961 2775 rs·

133 2795 225 2845 medes
239 2794 363 2845 efficaces
377 2809 429 2859 qus
447 2809 513 2845 rous
529 2796 681 2860 eppiiquez.
704 2796 734 2846 le
757 2795 869 2860 regardo
889 2796 959 2846 douc

130 2879 233 2916 comme
249 2879 286 2916 un
299 2864 442 2916 souverain
461 2867 568 2916 rembde
596 2869 611 2917 t
633 2880 690 2917 mes
714 2880 793 2917 meux
819 2866 960 2917 d'excuser

130 2949 188 2987 mes
205 2951 311 2987 erreurs
326 2939 433 3002 psssces
448 2951 482 2988 eu
497 2936 535 2987 les
547 2943 682 2996 accusent,
699 2941 726 2989 st
739 2938 773 2989 de
793 2939 864 2988 m'sn
879 2937 957 2988 isser

135 3022 249 3072 paruus
264 3009 373 3059 humile
399 3009 560 3059 confession.
585 3010 657 3060 C'est
679 3010 813 3074 pourquoi
840 3022 882 3058 ms
896 3022 957 3059 tou·

133 3084 249 3131 mettsnt
263 3094 329 3130 srec
343 3085 448 3143 respect
464 3094 516 3131 eux

136 3149 185 3199 cite
199 3150 245 3213 qui
258 3154 300 3201 est
313 3150 464 3200 esscmbii:

167 3221 189 3269 1.
206 3222 402 3272 locoudsmue
429 3236 494 3272 eveo
521 3235 588 3272 vous
608 3221 632 3272 te
661 3221 808 3272 sentiment
830 3221 864 3271 ds
891 3235 957 3272 cens

131 3293 175 3357 qui
192 3294 366 3344 soutisunent
381 3307 433 3357 que
445 3293 572 3344 l'hommo
589 3295 658 3343 u’est
672 3307 719 3357 pes
733 3293 820 3352 oblini
835 3292 868 3343 de
886 3292 957 3358 join-

135 3363 182 3410 dre
197 3363 223 3409 io
236 3361 331 3410 treveii
347 3362 379 3411 ds
394 3361 568 3412 l'obeissence
586 3364 601 3412 t
617 3363 641 3412 ie
655 3361 734 3427 grtes
749 3362 782 3412 de
798 3362 873 3413 Dieu.

162 3431 458 3495 2.Qu'oprbstuchute
482 3435 517 3483 du
542 3435 657 3497 premier
684 3434 801 3492 homme,
816 3447 866 3484 sou
889 3434 956 3484 libre

137 3506 236 3555 erbitre
249 3520 264 3554 s
278 3506 319 3555 iti
334 3511 392 3555 tout
406 3506 422 3555 t
434 3506 481 3555 luit
494 3506 587 3555 iteint.

157 3575 181 3625 3.
198 3576 254 3634 Qus
268 3576 448 3626 Jtsuscnrin
461 3582 538 3626 notre
556 3576 680 3627 Seurcur
702 3578 747 3627 u's
771 3591 818 3642 pes
842 3575 955 3628 souiiert

131 3643 156 3695 le
168 3652 239 3695 mort
254 3659 322 3708 pour
336 3647 360 3695 te
374 3644 446 3695 sslut
461 3647 493 3696 de
513 3651 582 3697 tous.

158 3720 182 3768 i.
197 3719 253 3777 Quo
271 3732 319 3781 por
334 3719 358 3766 is
373 3716 528 3780 prescieuce
544 3718 577 3768 de
595 3716 661 3769 Dieu
685 3718 812 3768 l'homms
835 3720 876 3768 est
896 3717 956 3768 vio·

130 3787 260 3839 lemmeut
274 3790 399 3851 poussii
414 3789 437 3839 ie
453 3794 533 3848 mort,
549 3804 584 3840 ou
598 3804 651 3850 que
666 3805 734 3842 ceux
752 3791 798 3855 qui
813 3791 953 3855 perissent,

129 3860 264 3920 pertenent
281 3874 330 3922 psr
344 3859 371 3909 ia
386 3860 494 3910 rotante
510 3861 543 3910 de
559 3862 636 3914 Dieu.

160 3929 332 3989 uou‘tusm
357 3934 397 3979 cst
424 3933 604 3981 entitrcmsnt
634 3932 691 3996 piri
718 3933 787 3982 deus
819 3934 886 3983 celui
907 3932 954 3998 qui

129 3998 222 4062 pecus.
238 4002 316 4063 apres
331 3999 406 4050 avoir
421 4015 482 4064 recu
499 4015 602 4051 comme
620 4001 638 4051 ii
653 4002 711 4052 iuut
726 4004 750 4052 is
764 4002 898 4065 baptimo.

160 4071 185 4121 b.
200 4073 255 4131 Qus
270 4074 309 4121 ies
324 4086 377 4121 uus
399 4077 462 4122 sout
484 4072 603 4123 destines
628 4073 643 4123 d
667 4072 693 4123 ln
715 4079 795 4133 murt,
811 4073 848 4124 ies
864 4079 954 4125 autres

131 4145 298 4209 predestiuis
312 4146 328 4193 i
342 4145 366 4193 ie
381 4145 432 4193 vis.

161 4215 185 4265 7.
201 4216 256 4275 Quo
280 4217 375 4279 depuis
404 4215 488 4265 Adam
509 4216 618 4280 jusqu’i
640 4216 825 4280 lisutilhrist,
849 4231 953 4269 aucuns

128 4285 175 4336 dee
188 4286 297 4337 notions
312 4288 388 4337 n'ont
408 4287 449 4336 ete
472 4289 569 4337 sauvis
591 4289 657 4338 deus
682 4290 707 4338 le
730 4289 768 4339 toi
789 4290 822 4339 de
837 4289 953 4340 l'srens·

128 4356 453 4415 menidettsus-Christ,
479 4363 506 4407 et
535 4372 584 4423 pur
611 4359 635 4408 ie
665 4361 795 4422 premiere
814 4360 892 4423 grtoe
920 4360 953 4409 de

129 4429 206 4486 Dieu.
222 4429 382 4478 c’est·i·diro
398 4442 445 4492 per
459 4429 485 4478 le
499 4429 533 4478 loi
549 4430 582 4479 de
598 4428 624 4479 ls
647 4434 754 4486 nature,
777 4445 856 4494 perce
874 4431 953 4496 qu'ils
968 4457 992 4522 D

122 4505 173 4550 out
185 4505 246 4550 tous
262 4500 346 4563 perdu
361 4499 385 4549 le
400 4500 466 4550 libre
481 4498 581 4550 erbitre
597 4502 664 4551 dent
678 4500 704 4551 le
717 4504 834 4566 premier
848 4504 919 4567 pere.

155 4570 222 4631 (tiit)
237 4568 261 4618 8.
277 4568 332 4628 Quc
348 4569 387 4618 ies
403 4568 569 4632 patriarches
584 4574 611 4619 ct
625 4570 664 4621 les
685 4572 840 4637 prophetes,
856 4587 890 4623 ou
913 4573 951 4624 tet

127 4639 280 4703 plusgreue
295 4641 388 4696 saints,
411 4646 493 4691 event
516 4641 541 4690 ie
567 4643 656 4707 temps
679 4642 712 4693 de
731 4643 756 4693 ts
771 4645 951 4708 redemption,

126 4714 174 4757 ont
191 4711 231 4758 tte
246 4725 324 4773 rocus
339 4711 405 4760 deus
420 4712 444 4761 te
460 4711 579 4774 peredit.

155 4779 179 4827 9.
194 4781 263 4838 Qu'ii
277 4782 321 4845 n'y
336 4797 351 4831 s
367 4783 444 4845 point
458 4783 491 4832 de
506 4782 570 4833 ieux
585 4783 613 4833 ui
628 4784 742 4835 d'euisr.

1016 2446 1095 2503 celle,
1112 2445 1205 2501 Croco,
1223 2443 1341 2498 Baselio,
1355 2432 1481 2499 Claudio,
1502 2441 1653 2500 Ursicino,
1675 2445 1840 2498 Praetextata

1016 2516 1191 2580 Propinatio,
1210 2513 1384 2576 Theoplasto,
1400 2513 1543 2572 Leucadio,
1565 2515 1840 2576 Viventio-lutiam

1015 2587 1148 2643 Amiooli.
1163 2585 1281 2644 loanni,
1297 2583 1423 2647 opilioni
1436 2591 1462 2633 et
1476 2584 1605 2644 licinio,
1630 2587 1778 2648 episcopis,
1796 2584 1842 2632 ls-

1015 2659 1094 2708 oidus
1111 2655 1263 2721 presbyter.

1047 2728 1189 2791 Correptio
1203 2735 1291 2777 uestra
1306 2725 1384 2774 satus
1395 2725 1521 2786 publica,
1537 2733 1565 2775 et
1591 2728 1742 2777 sententia
1764 2735 1839 2775 restra

1015 2800 1157 2850 medicina
1171 2805 1219 2847 est.
1236 2795 1313 2847 Unde
1327 2804 1352 2845 et
1366 2810 1415 2860 epo
1428 2811 1580 2846 summum
1595 2799 1761 2849 remedians
1776 2799 1839 2854 deco.

1012 2880 1045 2922 ut
1055 2871 1214 2935 proteritur
1229 2882 1336 2918 errores
1350 2867 1507 2918 accusando
1524 2883 1675 2930 excuseris,
1696 2879 1725 2920 et
1748 2869 1839 2920 solati

1010 2947 1075 3005 sero
1084 2942 1260 3007 professione
1275 2954 1319 2990 nte
1333 2938 1453 2989 diluam.

540 3094 684 3132 mmm
707 3080 811 3131 dmm
830 3080 866 3131 du
891 3091 992 3159 mc
1043 3130 1839 3194 i.Protetdejuortaproedioandirecentiastatutaconcini

1011 3205 1113 3255 damrw
1125 3203 1267 3254 uobiscum
1277 3216 1392 3252 sensum
1402 3201 1490 3251 illum
1499 3203 1554 3266 qui
1565 3203 1651 3262 dicit,
1667 3203 1788 3255 laborem
1797 3205 1839 3254 bs·

1010 3290 1098 3326 mone
1110 3275 1270 3326 obedientie
1279 3274 1382 3323 divine
1390 3274 1495 3336 pratiee
1504 3287 1566 3322 non
1579 3290 1643 3324 esse
1656 3277 1839 3340 juapenduns

1042 3347 1066 3396 2.
1083 3347 1138 3401 Qui
1152 3347 1230 3405 dicit,
1241 3353 1306 3408 post
1326 3345 1418 3407 primi
1445 3343 1578 3395 bominis
1606 3348 1723 3410 lapsum
1747 3364 1781 3398 ee
1794 3357 1838 3398 toto

1011 3420 1164 3469 arbitrium
1181 3416 1337 3466 voluntatis
1351 3417 1530 3466 exstinctum.

1043 3489 1108 3552 (tlt)
1121 3488 1145 3539 8.
1160 3488 1215 3542 Qut
1228 3488 1297 3537 dicit
1313 3486 1387 3551 quod
1402 3485 1533 3535 curtetur
1553 3488 1706 3538 Dominus
1721 3490 1838 3541 Salsatm

1009 3570 1104 3610 noster
1117 3568 1234 3609 mortem
1249 3574 1305 3608 non
1315 3572 1370 3621 pro
1385 3557 1514 3608 omniurn
1527 3561 1631 3610 salute
1644 3565 1807 3625 susceperit

1039 3634 1065 3682 i.
1083 3632 1138 3686 Qui
1152 3631 1218 3681 dicit
1235 3631 1309 3695 quod
1318 3630 1502 3692 prescientia
1514 3631 1570 3680 Dei
1581 3631 1732 3684 learninens
1747 3635 1837 3684 nobs

1009 3712 1051 3754 ter
1066 3704 1209 3765 compellet
1222 3703 1260 3751 od
1272 3709 1399 3759 mortem,
1422 3701 1465 3750 oet
1492 3702 1573 3765 qnod
1597 3705 1654 3754 Dei
1670 3715 1789 3767 pes-sest
1800 3722 1837 3756 co·

1009 3776 1120 3825 luntate
1133 3775 1184 3839 qui
1194 3781 1326 3836 pereunt.

1039 3848 1063 3896 5.
1081 3846 1135 3900 Qui
1161 3845 1232 3896 dicit
1253 3845 1327 3910 quod
1345 3852 1409 3907 post
1427 3851 1577 3907 nuptum
1593 3847 1733 3910 lepitinse
1745 3850 1838 3913 baptis-

1008 3934 1088 3969 mum
1103 3919 1135 3968 in
1150 3917 1240 3967 Adam
1256 3917 1407 3974 moriatur,
1422 3916 1592 3981 quicunque
1606 3920 1775 3986 deliquerit.

1039 3991 1055 4039 6
1081 3990 1135 4044 Qut
1156 3990 1224 4040 dicit
1248 3989 1320 4038 alios
1350 3988 1494 4050 deputatos
1516 3990 1558 4039 aet
1572 4000 1715 4053 mneos,
1729 3993 1835 4045 sitast

1009 4060 1097 4112 vitant
1107 4061 1333 4124 predestinatos.

1039 4134 1064 4183 7.
1082 4133 1136 4187 Qui
1151 4133 1221 4182 dicit
1231 4133 1266 4182 ab
1280 4131 1370 4181 Adane
1384 4147 1473 4196 nsque
1487 4132 1524 4182 ad
1538 4133 1700 4188 Christum
1715 4141 1833 4189 nullate

1008 4206 1140 4269 pentibus
1149 4219 1203 4266 per
1212 4203 1340 4266 primam
1355 4203 1411 4253 Dei
1422 4203 1561 4266 pretium,
1579 4207 1612 4256 id
1626 4218 1673 4258 est
1693 4226 1749 4272 per
1761 4211 1834 4273 tepr-

1008 4285 1122 4326 noturoe
1136 4277 1168 4326 in
1184 4274 1335 4324 meantum
1348 4274 1449 4324 Christi
1463 4275 1558 4336 fuisse
1572 4279 1716 4338 salvatos,
1731 4298 1759 4331 co
1775 4279 1834 4346 pest

1009 4348 1131 4397 liberum
1156 4345 1311 4396 arbitrium
1336 4360 1371 4394 ea
1399 4346 1526 4395 omnibus
1561 4349 1596 4398 in
1612 4353 1832 4417 primoprimro

1004 4419 1193 4481 mipene.

1039 4492 1062 4541 8.
1075 4489 1130 4544 Qui
1143 4489 1212 4540 dicit
1222 4488 1403 4552 patriarcnae
1417 4503 1451 4539 ao
1459 4490 1632 4552 propbetas,
1652 4496 1700 4545 cel
1721 4510 1830 4547 sonemus

1007 4576 1130 4625 quosque
1142 4568 1306 4610 sanctorum
1317 4561 1403 4610 etiam
1418 4568 1483 4610 ante
1492 4562 1709 4626 redemptionis
1723 4576 1830 4630 tenspoes

1005 4632 1037 4680 in
1048 4632 1180 4694 paradisi
1193 4630 1366 4682 habitatione
1379 4631 1517 4694 tepuisse.

1035 4703 1058 4753 9.
1077 4703 1131 4757 Qui
1145 4702 1214 4754 dicit
1227 4702 1306 4767 tpnes
1322 4711 1348 4751 et
1357 4702 1478 4763 inferna
1491 4718 1552 4754 non
1569 4721 1642 4758 esse.

1034 4775 1101 4824 Hoec
1117 4775 1214 4825 omnia
1227 4773 1311 4839 qnasi
1327 4775 1417 4836 impio
1426 4781 1452 4824 et
1467 4777 1640 4842 soeriispiis
1657 4783 1765 4844 repleta
1776 4797 1829 4831 eost·

155 4849 449 4902 Jecoudemuetoutes
476 4867 520 4903 ces
548 4854 645 4904 choses
673 4870 776 4906 comme
805 4857 900 4920 impiet
922 4861 950 4909 st
1003 4847 1112 4896 ³th-

125 4921 279 4984 secriitges.
293 4921 324 4972 Je
340 4922 482 4973 reconusis
497 4929 524 4974 et
538 4925 661 4976 couiesse
675 4927 700 4976 tt
723 4926 802 4991 grtes
822 4929 855 4977 ds
871 4927 947 4988 Dieu,
1033 4918 1189 4968 Mamm
1201 4918 1433 4981 mmmmm
1450 4919 1511 4976 Μ.
1528 4924 1617 4973 tried
1638 4928 1739 4978 niem
1752 4925 1827 4978 torn·

122 4991 155 5042 de
171 4993 236 5042 teile
254 4993 373 5043 muniere
386 4996 484 5058 qu'uux
500 4995 590 5046 stiorts
604 4996 637 5047 de
662 4998 790 5048 l'hommc
811 4998 838 5062 ie
852 5000 946 5065 joigne
1001 4991 1049 5039 πί*
1064 4999 1090 5040 et
1104 4998 1235 5040 0⁰Mi¹⁴m
1248 4990 1352 5052 ΜΨ
1365 5004 1474 5052 Mller
1487 4990 1671 5056 absuntam·

111 5063 246 5128 'toujours
263 5066 287 5114 ie
303 5079 410 5115 secours
433 5066 465 5115 ds
490 5067 514 5116 ls
537 5068 615 5131 grtes
640 5069 675 5118 du
699 5069 839 5134 Seigueur.
863 5070 893 5120 le
907 5084 946 5121 re·
1032 5060 1827 5129 &libertatemwlunissiiidmmmmtt'ntitml

121 5136 234 5185 counsis
248 5149 300 5199 que
317 5136 340 5185 le
355 5136 448 5185 liberti
467 5137 500 5185 de
515 5139 542 5186 te
558 5138 666 5189 nolonte
677 5140 803 5190 trumuine
819 5142 887 5191 u’est
897 5156 945 5205 pes
999 5141 1207 5183 attenuatam&
1217 5134 1458 5198 infirmatamttse
1462 5139 1674 5203 pronuntiem,
1687 5153 1714 5193 et
1718 5141 1826 5207 peristi·

119 5204 227 5261 iteiute.
244 5208 312 5255 mais
329 5207 478 5256 seulement
504 5207 621 5259 effsiblie
649 5216 675 5260 et
698 5211 835 5261 diminuto
854 5226 902 5275 pur
918 5212 943 5262 is
999 5206 1314 5271 tariwmqm'talvttt
1327 5213 1418 5265 ‘titel
1441 5222 1502 5258 tum
1528 5211 1582 5273 qttt'
1599 5214 1824 5278 periisposutsss

120 5277 204 5337 peche
220 5278 255 5326 du
273 5281 390 5340 premier
402 5279 472 5341 pire,
490 5285 515 5328 et
539 5294 591 5342 qus
617 5281 686 5330 celui
706 5283 751 5345 qui
776 5287 817 5332 est
831 5284 943 5333 sauvis
997 5277 1118 5328 mirari·

102 5344 162 5394 ete
178 5362 210 5397 en
226 5349 336 5412 danger,
350 5355 377 5397 et
391 5362 442 5412 que
460 5349 528 5398 cetui
543 5349 771 5415 quiepiriepu
786 5352 941 5404 etrsssuve.
1030 5349 1177 5399 Christum
1202 5350 1288 5399 tilam
1314 5351 1405 5400 Deum
1430 5365 1464 5400 αθ
1487 5351 1677 5409 Salinatorem
1706 5367 1822 5409 nostriset

119 5416 175 5474 Que
189 5419 371 5469 lestis-Christ
387 5424 463 5468 noire
479 5421 542 5468 Dteu
562 5425 588 5469 et
606 5426 684 5471 notre
699 5422 830 5481 Suuveur,
847 5428 942 5475 attinnt
995 5429 1137 5484 quantum
1147 5421 1272 5483 pertinet
1287 5419 1323 5469 ad
1336 5421 1453 5471 divitiae
1468 5422 1609 5475 bonitatis
1627 5444 1701 5490 sum,
1708 5431 1822 5493 prestes

118 5488 183 5547 qu'il
197 5488 325 5538 convient
336 5503 386 5538 uus
405 5489 536 5538 richersen
553 5491 586 5540 de
603 5507 632 5540 su
649 5493 730 5542 bonit
755 5494 856 5549 infinie.
872 5510 888 5544 u
902 5495 943 5546 oi·
995 5494 1097 5541 mortis
1109 5506 1163 5554 pro
1176 5490 1309 5541 omnibu*
1323 5491 1466 5543 obtulisse·

111 5555 164 5605 tert
179 5573 248 5617 pour
263 5564 323 5607 tous
339 5560 361 5608 ie
377 5559 436 5623 prix
451 5561 485 5609 de
498 5574 527 5608 se
544 5566 621 5615 ruort.
637 5566 664 5610 et
678 5562 744 5625 qu'il
761 5578 793 5614 ne
814 5571 878 5616 veut
892 5581 940 5629 pes

1027 5564 1063 5614 Et
1075 5565 1146 5628 quia
1160 5564 1277 5613 nullum
1286 5564 1385 5624 perire
1394 5565 1472 5620 velit,
1488 5567 1542 5629 qni
1557 5575 1600 5617 est
1616 5568 1689 5632 rut>
1704 5573 1823 5623 Salvator

109 5627 245 5686 qu'uucun
261 5630 372 5690 perisse,
389 5630 426 5678 tui
444 5630 492 5694 qui
512 5636 553 5680 est
579 5632 603 5683 ie
628 5632 752 5682 Ssureur
777 5636 809 5685 de
824 5641 885 5687 tous
899 5638 939 5689 iss
994 5637 1124 5686 omnium
1139 5635 1294 5693 bominum,
1309 5636 1588 5702 nwtmeptetism,
1604 5643 1689 5694 dices
1703 5647 1824 5695 inostens-

110 5693 241 5756 hommes,
256 5699 504 5761 perticuiieremsnt
530 5702 578 5751 des
604 5701 712 5762 fldelss3
735 5704 938 5759 tihirsletms·
992 5709 1109 5773 basqui
1125 5709 1370 5760 inuocantitlunt.

109 5765 228 5829 guitique
241 5781 336 5818 envers
351 5772 413 5819 tons
425 5783 492 5820 ceux
509 5772 555 5834 qui
570 5772 750 5835 l'iuvoquent.

1021 5778 1060 5830 tte
1072 5777 1144 5844 quta
1152 5778 1285 5832 intonsis
1293 5778 1569 5840 miuronsstests‘e
1575 5788 1819 5854 mursam
