3892 6126
773 244 808 305 IN
828 246 961 305 LIBRUM
980 242 1027 300 DE
1046 242 1234 301 turnilann
1788 244 1856 305 stes

151 248 221 304 taut

144 387 228 433 sona,
245 375 374 437 quianon
389 373 501 423 omnino
516 387 566 437 per
582 388 610 424 se
626 379 697 424 sunt.
716 373 781 434 Quas
809 376 858 425 etsi
888 372 976 424 cmni·
991 371 1015 436 Α
1031 381 1085 434 nm,
1101 370 1228 432 quoniam
1243 369 1302 434 ejus
1318 384 1372 435 quo
1387 374 1452 422 eunt
1469 368 1662 434 singularitate
1678 382 1763 422 unum
1788 380 1859 431 snut,

147 445 201 495 bas
226 447 324 509 quibus
347 449 410 494 sunl
432 444 492 494 aliis
516 444 564 495 alis
590 460 606 496 a
631 460 659 495 se
676 447 739 505 sint,
760 448 788 497 in
810 460 865 497 uuo
886 450 975 496 tamen
1030 443 1059 489 et
1079 438 1252 503 simplicitate
1281 441 1307 492 id
1337 443 1408 508 quod
1438 447 1511 501 sunl,
1539 442 1722 493 essentiarum
1756 445 1860 507 opposi-

148 517 343 574 sunthomine,
360 517 404 579 qui
421 520 460 565 εει
477 516 610 581 quidquid
635 523 698 567 suut
712 532 810 583 corpus
824 523 850 568 ει
876 517 975 572 anima,
1029 512 1176 564 tiouease
1192 515 1308 565 invicem
1325 515 1458 565 elieesse
1475 527 1530 564 non
1548 513 1740 577 possuntne
1767 514 1859 565 baram

141 586 265 653 etalipd
281 600 360 650 quam
377 592 441 637 sunt
455 602 553 651 corpus
568 593 595 639 ει
609 588 709 638 anima.
730 591 834 654 Corpus
863 602 928 639 varo
948 590 976 637 et
1026 597 1088 647 quse
1103 585 1256 635 dictasunt
1270 587 1438 636 extrinsecus
1459 586 1599 636 alllxsrum
1631 598 1725 635 rernm
1754 588 1861 650 opposi-

149 662 240 709 anima
255 671 308 707 nou
326 663 389 707 suot
405 658 537 724 quidquid
552 664 593 709 est
610 662 666 723 ipsse
690 662 782 712 bomo.
804 661 881 711 Plato
910 672 975 710 vero
1025 657 1107 711 lione.
1125 670 1183 707 aaa
1198 655 1313 706 invicem
1328 657 1387 706 aliia
1405 661 1433 707 ει
1446 657 1603 723 probantur
1624 662 1654 735 ει
1684 660 1761 706 ειειιι.
1786 657 1860 709 ideo-

147 732 312 780 sCiceroue
329 732 366 779 ila
383 738 424 779 est
445 730 612 795 elius,quod
633 738 660 782 ει
683 733 758 782 nullo
782 733 887 783 illorum
909 731 976 781 alter
1029 732 1238 790 queuomenet
1267 740 1407 806 numerum
1437 741 1613 810 personarum
1640 742 1669 777 sn
1689 726 1858 809 theologicis,

141 800 249 866 quibus
266 800 334 849 alter
348 807 396 858 est,
415 806 443 851 ει
457 802 651 852 omniuonibil
666 809 716 868 est,
735 805 806 868 quod
823 802 858 852 sit
886 803 977 852 omui·
1032 802 1060 845 tt
1089 802 1143 847 illm
1167 797 1302 848 ineffabile
1331 798 1429 857 verbu·
1458 812 1540 864 (illam
1582 798 1859 880 lss⁰⁰l¹ll²reh⁰¹l⁸¹bllt

147 876 198 923 bus
225 872 265 920 bis
284 872 382 935 quibus
406 877 519 937 uterque
540 878 588 923 est.
614 874 677 925 ldeo
703 890 719 925 a
746 876 876 926 Cicerone
891 874 974 933 Plato,
1026 870 1278 920 raliouaeecretum
1306 870 1562 927 auctoradmireus,
1580 869 1753 950 alteritate-ua
1782 872 1857 951 illam,

145 948 204 994 eta
228 942 338 993 Platone
358 944 458 1001 Cicero,
478 950 505 994 at
520 944 633 1009 quilibet
650 961 743 997 eorum
774 949 807 998 ab
834 946 975 1008 universis,
1025 939 1715 1005 qutPtltnelFilillt.elSpil'llllssttssciuss⁸⁸
1745 953 1856 1022 ἥψω·

145 1029 161 1065 a
184 1015 285 1078 quirius
309 1014 430 1064 similises
453 1014 544 1065 diuers
563 1030 625 1066 vere
643 1031 691 1080 per
714 1032 742 1067 ss
755 1032 834 1073 unus,
857 1030 922 1066 vers
936 1030 976 1066 rs·
1024 1012 1067 1060 alii
1082 1016 1153 1071 suut,
1172 1012 1359 1076 appellaturus
1374 1025 1564 1091 personarum,
1579 1014 1654 1091 resae
1671 1014 1858 1075 premissae

146 1085 223 1133 tione
242 1098 358 1148 persons
373 1092 421 1135 est.
438 1084 656 1152 usquecunque
672 1092 770 1138 caetera
785 1104 800 1139 a
817 1103 844 1138 ee
860 1089 975 1137 inuicem
1024 1082 1076 1131 dici
1092 1088 1188 1146 potest,
1205 1089 1232 1132 ei
1246 1081 1323 1148 quod
1335 1085 1377 1133 vix
1395 1083 1624 1163 initliitililolllli·

146 1156 242 1205 eodem
269 1159 348 1207 modo
375 1161 438 1207 suut
460 1158 523 1215 alia,
546 1158 573 1207 id
601 1162 650 1215 sel,
671 1159 811 1223 quodlibet
834 1157 976 1208 animaist
1056 1154 1263 1212 omisissem,
1280 1154 1568 1221 etc-JQu⁰d⁸li⁰r¹1⁸⁸
1592 1154 1662 1216 δῦθι
1692 1168 1751 1218 qna
1779 1155 1855 1235 Ptitt'·

151 1226 279 1291 quaelibet
300 1228 390 1284 arbor,
415 1231 443 1278 ει
470 1227 625 1291 hujusmodi
649 1230 773 1280 irslinila:
794 1228 918 1295 quamvis
940 1228 974 1278 sd
1025 1229 1052 1275 ει
1064 1226 1156 1284 Filius,
1172 1231 1199 1276 et
1212 1226 1329 1291 Spiritus
1344 1231 1487 1277 sauctusa
1513 1241 1541 1277 se
1569 1225 1693 1276 invicem
1724 1240 1785 1277 esse
1809 1228 1854 1277 alra

148 1296 293 1347 rationales
307 1302 412 1348 tautum
434 1296 624 1349 subsistentias
642 1300 694 1351 hoc
716 1315 816 1351 nomen
839 1302 911 1363 quod
934 1302 975 1349 est
1025 1298 1214 1361 predicantur,
1229 1312 1283 1349 uon
1302 1300 1336 1349 sit
1351 1312 1452 1357 rerum,
1467 1299 1493 1348 ld
1507 1303 1549 1349 ast
1563 1311 1619 1348 non
1640 1300 1677 1350 sit
1706 1300 1851 1350 seeundum

68 1405 69 1408 ,
148 1382 272 1431 possenna.
299 1369 522 1432 philosophorum
546 1385 610 1420 usns
644 1374 819 1427 contraxerit.
849 1372 917 1421 sicul
946 1372 973 1420 in
1024 1369 1138 1419 resilias
1152 1370 1252 1434 quibus
1267 1371 1368 1435 aliquid
1384 1373 1483 1421 sinlsa
1496 1370 1854 1435 dequibusipsasdieuutur

145 1439 213 1489 libro
243 1444 335 1490 contra
355 1440 507 1489 Nestorium
535 1444 561 1490 ει
589 1441 730 1506 Eutychen
759 1443 878 1493 dicetur:
898 1447 924 1492 ει
945 1442 973 1490 iu
1024 1440 1070 1489 sed
1088 1442 1177 1504 potius
1192 1442 1340 1491 secundum
1357 1440 1502 1492 relationes
1518 1440 1561 1502 sit,
1577 1440 1852 1492 adhucdemoustrst

148 1510 314 1559 naturalibus
334 1511 441 1572 quidem
466 1512 504 1559 sic
528 1517 568 1561 eet
590 1527 638 1575 per
656 1529 684 1562 se
715 1528 779 1571 uua,
805 1525 974 1577 quaecuuque
1023 1511 1502 1576 Nanrqurecunquesivecorporalia
1524 1514 1580 1561 sive
1606 1511 1793 1575 incorporalia
1815 1510 1852 1561 di·

147 1588 447 1643 resparsonavoaalnr‚
464 1587 493 1631 ut
515 1583 617 1632 scilieet
640 1591 666 1634 et
695 1585 837 1648 cujuslibet
867 1585 973 1633 illorum
1024 1587 1103 1641 ειεει,
1120 1582 1162 1631 his
1175 1582 1274 1645 quibua
1290 1588 1363 1639 sunl,
1383 1584 1439 1632 sisa
1453 1581 1682 1631 substantialibus
1699 1584 1758 1660 sive
1785 1584 1851 1631 acsi·

147 1650 501 1715 qnibuseetsingnlarilate
521 1653 674 1715 unasii,et
694 1655 911 1707 dissimilitudine
942 1656 971 1704 it·
1024 1651 1189 1711 dentalibus,
1205 1654 1317 1703 distant.
1333 1655 1364 1703 Et
1378 1653 1527 1717 corporatis
1540 1655 1652 1717 quidem
1682 1657 1766 1702 etiarn
1793 1654 1852 1703 locis

144 1723 197 1770 lius
218 1736 271 1785 quo
296 1723 361 1771 nulli
384 1738 400 1771 a
419 1738 446 1773 se
475 1722 519 1772 alii
545 1730 633 1787 potest
668 1726 739 1776 uniri
768 1728 918 1785 individua,
946 1724 1066 1790 etRhis
1081 1726 1127 1787 qui
1143 1737 1176 1773 ex
1191 1723 1393 1788 comparatione
1411 1724 1608 1787 intelliguntur,
1624 1724 1653 1773 in
1676 1732 1730 1779 εει,
1760 1725 1850 1788 quibus

144 1795 220 1844 nullo
235 1794 342 1843 illorum
360 1795 459 1857 quibus
479 1797 539 1857 ipsa
555 1803 595 1845 est
607 1798 719 1861 aliquid,
738 1799 816 1848 simul
831 1802 858 1847 et
880 1799 969 1860 singu·

145 1865 239 1914 leuiter
253 1864 297 1913 illa
314 1866 357 1921 sil,
376 1879 437 1927 quse
459 1867 484 1914 in
508 1869 670 1918 naturalium
693 1883 792 1932 genere
819 1870 854 1919 ab
874 1870 967 1918 eadem

144 1942 185 1986 ael
207 1934 268 1984 ulia.
293 1935 375 1985 Simul
393 1936 517 1993 dicimus.
541 1940 670 2002 quoniam
690 1942 724 1991 ab
751 1942 842 2006 aliquo
859 1955 969 2004 genara-

147 2011 200 2063 tus,
219 2005 309 2070 aliquo
322 2009 504 2071 singulariter,
523 2012 601 2060 etiarn
617 2011 710 2061 eodem
726 2017 766 2062 εει
788 2027 841 2077 quo
869 2019 895 2062 ει
925 2026 968 2074 ge·

147 2080 218 2130 nitor
234 2080 301 2142 ejus,
317 2081 363 2130 sed
380 2095 434 2130 uon
450 2080 478 2130 in
507 2084 601 2133 eodem
627 2088 758 2147 tempore.
789 2085 825 2135 lis
850 2098 968 2148 namque

149 2152 253 2215 paterni
270 2150 411 2214 sanguinis
432 2154 619 2216 corporalitate
653 2157 760 2217 genitus
786 2155 886 2220 aliquid
918 2160 967 2213 εει.

144 2236 197 2287 qua
222 2221 395 2285 singulariter
419 2227 527 2287 genitor
552 2240 619 2289 ejus,
642 2239 696 2276 nou
715 2227 775 2277 dico
798 2228 887 2277 adhuc
916 2231 967 2282 εει.

144 2293 191 2342 sed
208 2293 258 2342 init
273 2293 383 2356 aliquid.
401 2296 583 2359 Singularitas
600 2311 662 2346 uero
691 2298 812 2356 dicimus,
839 2299 967 2363 quonium

144 2365 292 2413 multorum
305 2367 404 2428 quibus
420 2374 460 2415 ast
471 2367 672 2425 coariormilate,
686 2368 757 2419 idem
772 2375 836 2419 suut
850 2386 881 2420 ea
906 2382 967 2434 quaa

146 2434 179 2483 ab
194 2438 288 2483 earlern
307 2450 334 2484 rc
349 2441 413 2485 suut
429 2438 492 2484 slra.
509 2437 537 2485 lu
564 2439 727 2489 naturalium
758 2448 846 2492 auteur
868 2455 967 2505 genera

143 2508 450 2568 dicinrus,quouiarniu
468 2510 664 2560 mathematicis
679 2516 706 2560 et
734 2512 794 2561 aliis
822 2512 967 2577 generibus

145 2580 230 2639 ptura,
247 2583 272 2625 ει
288 2592 303 2627 a
320 2594 348 2626 se
364 2578 490 2639 invicem,
507 2587 534 2629 ει
549 2596 564 2629 a
580 2585 745 2632 naturalibus
760 2583 797 2633 ita
814 2590 877 2633 sunt
905 2584 966 2641 aiis,

145 2649 215 2712 qnod
233 2658 258 2697 et
274 2651 732 2712 prrsiprialatbusdis-ereisdirerna
760 2671 813 2706 arun
839 2663 912 2717 aurit,
941 2662 969 2706 ει

144 2720 629 2783 dissimilitudiuadiversuindividua,
648 2731 675 2775 et
688 2726 868 2791 quodcunque
884 2741 967 2778 unum

145 2791 251 2841 illorunr
270 2797 317 2849 est,
335 2794 435 2843 nullum
450 2795 565 2845 aliorum
579 2800 736 2855 es·,ettunc
763 2812 884 2861 personna
913 2812 967 2848 uon

144 2870 217 2919 sunt,
248 2870 276 2912 ut
304 2864 449 2927 cujuslibet
478 2882 600 2930 personae
632 2883 664 2918 ex
696 2872 820 2921 omrribns
860 2871 969 2921 collecta

144 2933 295 2997 proprietas
333 2936 363 2984 lu
391 2938 549 3001 theologicis
572 2948 751 2990 verocertum
775 2947 816 2992 est
843 2942 914 3005 quod
942 2947 970 2994 et

145 3008 222 3055 Pater
236 3007 305 3055 nlius
318 3010 476 3067 estaFilio,
500 3016 556 3059 eta
584 3011 684 3074 Spiritu
714 3019 815 3071 sancio,
844 3013 967 3065 etFilius

1024 1808 1121 1858 corpus
1137 1796 1247 1857 aliquod
1262 1798 1328 1846 citra
1343 1809 1440 1860 corpus
1455 1796 1537 1853 aliud,
1552 1795 1596 1843 vel
1613 1796 1700 1855 ultra,
1715 1796 1758 1846 sel
1783 1802 1849 1846 extrs

1025 1867 1066 1916 vai
1081 1866 1163 1928 intra,
1177 1868 1220 1916 vel
1237 1867 1392 1930 hujusmodi
1407 1879 1467 1916 εεεε
1484 1868 1593 1927 dicitnr,
1616 1867 1734 1916 distant.
1764 1868 1847 1918 incor-

1023 1939 1208 2002 poratiavero
1237 1951 1377 2003 nunquam
1407 1938 1481 2001 locis,
1511 1939 1557 1988 sed
1582 1938 1651 1988 solis
1681 1937 1726 1988 his
1759 1940 1848 2004 quibus

1024 2009 1493 2060 dictumestdilierautiis.0muino
1522 2010 1594 2059 euim
1623 2022 1728 2074 magua
1756 2014 1847 2060 veritas

1023 2082 1132 2144 regulas,
1147 2081 1173 2130 id
1189 2085 1230 2130 εει
1244 2094 1348 2144 uraguae
1363 2079 1486 2130 veritatis
1506 2080 1601 2143 regula
1631 2085 1686 2138 est,
1715 2081 1746 2131 in
1761 2083 1846 2143 ,selim

1023 2151 1250 2216 incorporalibus,
1263 2165 1319 2202 uon
1335 2153 1398 2203 locis
1410 2151 1456 2201 sed
1485 2149 1656 2211 differentiis,
1688 2150 1790 2217 quibus
1813 2154 1846 2203 ets

1024 2222 1321 2286 subjectasnbsistunl,
1343 2220 1413 2273 ellici
1444 2223 1487 2272 vei
1518 2224 1689 2285 numerales,
1715 2223 1761 2273 sel
1789 2223 1847 2273 indi·

1024 2295 1154 2355 viduales,
1184 2294 1227 2344 vel
1256 2295 1409 2357 personales
1437 2294 1589 2344 distantias.
1618 2294 1740 2345 Tullium
1781 2298 1843 2346 suin

1024 2365 1236 2415 differentiarum
1251 2365 1357 2416 diversa
1384 2367 1543 2429 proprietas.
1559 2366 1658 2429 plures
1675 2380 1798 2424 numero,
1824 2372 1848 2417 st

1024 2436 1215 2486 dissimilitudo
1245 2436 1411 2498 individuas,
1446 2443 1473 2487 ει
1516 2438 1756 2496 inconvenientis,
1797 2452 1844 2502 qus

1023 2510 1069 2557 uui
1095 2507 1240 2559 convenire
1271 2520 1326 2557 uon
1348 2511 1473 2571 possunt,
1499 2522 1631 2571 personas
1670 2523 1733 2560 esse
1771 2509 1845 2561 lseitr

1023 2582 1174 2643 eujusmodi
1205 2579 1414 2631 differentiarum
1445 2579 1592 2643 pluralitas,
1624 2581 1654 2629 ln
1694 2580 1786 2642 Patre,
1823 2586 1846 2631 ει

1023 2651 1100 2711 Filio,
1118 2655 1144 2700 et
1158 2649 1259 2713 Spiritu
1275 2657 1377 2709 sancto,
1408 2652 1455 2713 qui
1486 2664 1541 2700 nou
1570 2650 1626 2700 nisi
1654 2665 1711 2702 uus
1741 2653 1847 2703 emulis

1025 2728 1159 2773 auntesee
1187 2736 1242 2771 non
1273 2728 1370 2786 polest.
1398 2722 1505 2773 Certum
1520 2726 1561 2772 ast
1588 2721 1668 2774 enim
1700 2726 1775 2789 qnod
1799 2738 1844 2775 noa

1024 2799 1088 2843 eruut
1108 2794 1330 2843 substantialibus
1356 2794 1489 2857 pluribus,
1516 2807 1606 2858 neque
1636 2808 1702 2845 aeuo
1731 2796 1845 2846 anaides·

1024 2866 1213 2917 talibue:uou
1229 2866 1300 2915 anim
1316 2871 1406 2929 polest
1423 2879 1486 2916 vare
1515 2866 1569 2916 dici
1600 2868 1658 2917 Deo
1685 2868 1789 2933 aliquid
1813 2880 1844 2917 ss

1024 2943 1143 2988 erundum
1173 2940 1279 2999 tempus
1308 2936 1461 2996 εεεεεεὶεεε.
1490 2941 1521 2987 ut
1547 2937 1626 2988 lieret
1661 2937 1755 2999 Pater,
1781 2954 1843 2989 vers.

1023 3008 1082 3059 Non
1097 3009 1169 3059 enirn
1183 3007 1263 3057 Pater
1277 3009 1359 3071 erepit
1373 3021 1492 3072 unqsram
1510 3008 1629 3073 alicujus
1659 3024 1776 3062 secessu
1794 3022 1843 3061 sess

141 3079 518 3143 aPalraaliusetaSpirilu
534 3089 635 3140 sancto,
662 3088 688 3133 et
717 3084 832 3147 Spiritus
858 3073 1002 3140 sanctusC
1020 3078 1108 3136 Pallet·
1121 3080 1191 3129 ‘50⁰²
1205 3092 1345 3143 nun(1¹¹⁸m
1361 3078 1509 3144 ⁸¹50⁰⁰¹³J¹¹¹⁸
1521 3079 1651 3130 ΝΜ
1672 3083 1759 3147 “¹³1¹it
1784 3092 1841 3131 Μ

141 3147 248 3197 aPatre
264 3153 291 3197 et
305 3164 321 3197 a
335 3149 398 3198 Filio
414 3150 491 3213 alius,
508 3157 535 3200 at
558 3154 629 3215 quod
654 3153 840 3219 unnsquisque
868 3155 965 3207 horum

141 3220 224 3268 lriuur
242 3223 283 3268 est
296 3220 343 3268 illa
359 3221 499 3284 singulari,
517 3237 547 3272 uc
571 3224 737 3288 simplicior
765 3227 912 3285 individua,
940 3233 967 3279 el

143 3290 201 3337 sola
226 3289 305 3352 adala,
320 3290 345 3339 id
375 3296 416 3340 εει
444 3292 570 3353 essentia,
596 3294 646 3344 hoe
674 3298 745 3361 qnod
762 3303 811 3357 est,
831 3299 966 3364 quaalius

145 3364 194 3420 est,
211 3374 283 3410 uuus
300 3367 327 3411 et
357 3363 480 3426 simplex,
495 3371 522 3415 et
548 3365 714 3425 individuus.
743 3375 770 3420 al
797 3372 897 3435 absque
925 3372 967 3421 di-

144 3445 228 3481 versae
242 3432 366 3484 essentiae
381 3438 516 3487 consortio
531 3438 610 3497 Daue,
627 3439 664 3490 ita
677 3442 750 3505 quaid
772 3444 821 3507 ipsi
849 3448 904 3494 tres
933 3446 967 3495 si·

142 3502 199 3550 niul
214 3506 278 3552 erunt
292 3517 363 3554 unus
378 3508 501 3557 essentiis
520 3511 693 3573 proprietate,
709 3513 821 3577 simplex
849 3516 906 3566 sine
933 3514 965 3565 il.

142 3571 195 3623 line
210 3577 415 3638 compositione,
438 3579 596 3631 individuus
622 3582 708 3646 ipsius
734 3586 965 3645 dissimilitudine,

140 3648 167 3695 ει
182 3645 302 3708 ejusdem
315 3647 348 3697 ab
363 3650 421 3698 aliis
440 3654 564 3702 essentiis
589 3653 743 3714 solitudine,
770 3658 857 3721 ipsum
885 3658 965 3709 Deus.

141 3715 178 3765 Ex
207 3716 250 3766 his
279 3732 343 3783 ergo
372 3722 545 3774 manifestum
574 3728 623 3783 est,
655 3726 906 3794 hocnomenquod
927 3735 968 3783 est

139 3800 267 3850 persons,
295 3790 453 3855 theologicis
482 3793 592 3845 minime
630 3799 773 3848 convenire
817 3802 966 3852 secundum

137 3857 336 3921 plenitudinem
355 3863 421 3927 ejus,
432 3864 523 3929 aliqua
539 3880 636 3917 nomeu
654 3872 695 3918 εει
709 3871 821 3920 rationis
836 3886 843 3921 ε
860 3873 905 3922 sed
935 3886 967 3923 ax

147 3933 407 4007 proportionalium
425 3937 452 3984 in
474 3937 595 4000 ejusdem
624 3938 736 3989 rationis
764 3949 839 4005 parte
867 3958 967 3994 conve·

146 4006 225 4057 nata
250 4007 417 4054 naturatibus
443 4008 476 4055 sd
505 4008 550 4056 illa
577 4023 635 4059 essa
661 4016 867 4075 transumptum.
890 4016 966 4075 Quod

144 4072 216 4121 enim
232 4073 264 4122 de
281 4077 450 4126 naturalibus
475 4078 576 4129 dictum
604 4086 652 4137 est,
683 4097 823 4145 personam
848 4085 965 4150 aliquam

142 4142 180 4191 ita
195 4158 252 4193 esse
268 4159 317 4207 per
328 4162 356 4195 se
372 4163 461 4205 uuam,
478 4156 507 4200 ut
522 4152 597 4202 nulio
618 4152 722 4202 iilorum
738 4155 836 4217 quibus
853 4165 893 4207 est
907 4160 966 4222 ipsa

142 4211 320 4268 silalia.uou
344 4222 465 4269 consessit
493 4222 649 4283 theologicis
678 4224 809 4287 personis,
837 4228 891 4278 imo
919 4245 966 4281 so·

140 4283 201 4333 dem
217 4300 271 4349 quo
290 4293 330 4337 εει
346 4303 410 4347 una,
426 4296 466 4340 εει
482 4292 540 4341 ειίε.
557 4296 625 4343 suut
640 4300 728 4344 tnnreu
752 4297 875 4360 quaedam
904 4313 965 4363 quaa

139 4355 542 4424 siculinualrrrnlibns,ilael
570 4365 597 4413 iu
626 4367 758 4431 theologis
787 4368 833 4418 uui
863 4386 965 4421 conve·

1021 3152 1388 3215 llocnuterndicueoquod
1405 3151 1592 3201 substantialis
1619 3157 1664 3203 est
1692 3156 1729 3211 ei.
1759 3154 1785 3204 id
1808 3157 1842 3203 ed

1021 3226 1099 3283 Patri,
1125 3224 1265 3288 productio
1293 3221 1362 3280 Filii,
1391 3222 1493 3274 scilieet
1521 3223 1547 3273 id
1582 3225 1610 3273 iu
1639 3228 1719 3288 quod
1754 3240 1786 3277 ex
1819 3238 1842 3273 ss

1021 3295 1117 3346 i‘iliusn
1144 3294 1320 3360 generatione
1347 3294 1484 3358 produxit,
1514 3307 1570 3345 nou
1599 3297 1654 3346 nisi
1699 3295 1841 3349 substantia

1021 3366 1151 3417 est.Sone
1167 3366 1253 3423 aliter,
1268 3367 1395 3429 quoniam
1413 3366 1441 3416 in
1470 3366 1646 3417 naturalibus
1676 3368 1715 3419 sit
1744 3382 1841 3433 genass-

1021 3439 1094 3488 lioue
1111 3436 1263 3501 productio.
1283 3438 1504 3502 Homonamqne
1532 3436 1621 3488 illlum
1654 3452 1742 3491 sunm
1772 3452 1841 3506 gaus·

1021 3511 1125 3561 ratione
1141 3522 1195 3559 non
1211 3509 1292 3560 moda
1308 3508 1337 3559 iu
1362 3508 1501 3561 homiuem
1530 3508 1737 3576 subsistentiis,
1762 3524 1840 3565 εεεει

1021 3580 1104 3631 aliam
1134 3581 1160 3630 iu
1190 3580 1349 3643 coloratum,
1390 3587 1416 3632 el
1456 3580 1578 3645 longum,
1624 3587 1653 3636 st
1699 3582 1840 3650 hajusasli

1021 3652 1204 3703 accidentibus
1231 3650 1355 3702 alieclnsn
1386 3650 1523 3717 produxit.
1554 3650 1682 3719 ideoque
1726 3653 1841 3708 aaronis

1021 3723 1204 3789 generationis
1230 3724 1372 3787 productio
1400 3723 1498 3789 partim
1521 3724 1729 3789 substantialis,
1758 3729 1839 3793 pertin

1021 3795 1387 3853 accidentaltsest,msxime
1416 3809 1476 3846 cam
1504 3796 1564 3860 ipsa
1592 3802 1775 3861 genaradoue
1798 3798 1839 3849 sli-

1020 3868 1128 3932 quibus,
1144 3864 1243 3930 quibus
1257 3870 1321 3915 εειε
1331 3878 1387 3915 nou
1399 3871 1457 3917 arat
1487 3864 1682 3920 accidentibus
1708 3882 1837 3937 generans.

1020 3941 1076 3988 siro
1090 3943 1306 4000 generatusssse
1321 3937 1460 4003 incipiant.
1475 3938 1504 3989 ln
1531 3939 1703 4003 theologicis
1730 3958 1791 3995 sero
1812 3956 1836 3993 aa

1020 4010 1320 4075 qrraeestgeueratiane
1340 4011 1489 4074 productio,
1515 4023 1573 4062 nou
1604 4011 1662 4065 nisi
1692 4014 1836 4067 sumatis·

1020 4080 1307 4132 lisesltPslereuirn
1322 4082 1428 4142 Filium,
1449 4082 1573 4133 nonnisi
1592 4085 1622 4134 in
1655 4088 1685 4137 id
1713 4101 1766 4154 quo
1789 4086 1834 4150 ip!
1879 4106 1881 4137 ε

1019 4152 1098 4202 Pater
1128 4152 1295 4202 sirbelsntiali
1323 4153 1440 4204 essentia
1465 4167 1574 4218 semper
1598 4162 1673 4215 erat,
1701 4156 1731 4209 iu
1757 4156 1833 4211 ean
1879 4198 1881 4223 ,

1021 4229 1103 4277 ileum
1120 4226 1295 4289 generatione
1309 4228 1437 4291 produxit
1452 4243 1458 4278 ε
1476 4230 1643 4294 querulique
1674 4232 1832 4297 praescisse
1879 4226 1881 4231 '

1019 4304 1114 4349 neuster
1129 4313 1187 4349 esse
1202 4296 1303 4362 aliquid
1317 4300 1406 4363 coepit.
1420 4299 1486 4351 Nam
1506 4304 1534 4351 el
1554 4300 1645 4353 Filius
1670 4318 1777 4370 semper
1794 4304 1831 4359 lli.

1018 4370 1091 4435 quod
1107 4370 1213 4420 sPatre
1229 4368 1394 4421 nativitatem
1418 4369 1573 4435 acceperit;
1603 4378 1633 4425 ει
1664 4376 1719 4428 boa
1741 4375 1830 4442 quide!

140 4428 267 4478 uirenon
295 4436 493 4495 possuut3iuro
521 4436 743 4500 sicutipsasuut
765 4441 797 4490 ad
814 4439 1096 4505 seinvicemDsensu
1123 4443 1223 4491 dictum
1253 4442 1437 4504 intelligitur:
1467 4443 1667 4497 substantialis
1694 4452 1735 4499 est
1772 4442 1829 4497 rara

139 4500 725 4572 alia,itadealiisaseinvicemdicuutur,
757 4518 786 4561 ut
814 4520 960 4577 generatio,
1018 4512 1159 4577 productio
1175 4511 1245 4561 Filii.
1260 4512 1293 4562 Et
1307 4527 1356 4575 per
1384 4513 1434 4564 boc
1460 4518 1532 4565 recte
1562 4522 1751 4569 monstratam
1771 4514 1828 4583 qud

138 4568 277 4633 nativitas,
293 4580 373 4639 atqua
389 4580 539 4640 connexio,
556 4581 614 4630 baec
629 4583 701 4631 eninr
717 4582 750 4632 dn
772 4597 827 4633 nno
852 4587 961 4635 eodum·

137 4640 252 4703 quedici
270 4658 326 4694 uon
343 4653 471 4710 possunt,
490 4664 544 4698 nou
572 4654 643 4702 enim
672 4654 779 4717 genitor
806 4661 886 4706 natus
911 4665 959 4718 est,

136 4723 186 4760 nec
201 4717 292 4763 uatum
309 4718 423 4777 genitori
439 4719 583 4781 connectit,
600 4735 688 4787 neque
712 4729 792 4774 natus
817 4733 857 4775 εει
883 4728 960 4789 geui-

136 4784 185 4839 tor,
219 4796 269 4833 nee
296 4790 389 4836 natum
415 4792 619 4856 genitoremque
650 4796 807 4856 connectit;
825 4798 959 4861 etquinb

135 4857 252 4918 utroque
268 4859 417 4919 procedens
440 4864 596 4913 eorumdem
629 4865 762 4917 connexio
785 4873 836 4925 est,
863 4873 959 4921 neuster

134 4923 231 4975 horum
243 4932 291 4988 est,
308 4929 333 4977 id
351 4936 392 4980 εει
406 4945 456 4981 nec
485 4941 563 4984 natus
592 4949 642 4986 nac
668 4941 782 5001 genitor,
813 4941 860 4990 sed
888 4941 958 4993 alius

134 5000 173 5045 est
188 4999 233 5061 qui
246 5003 287 5048 εει
301 5003 414 5063 genitor.
429 5005 497 5054 alius
512 5006 610 5071 estqui
627 5012 667 5059 est
681 5010 797 5071 genitus,
812 5011 881 5061 alius
911 5015 957 5078 qui

131 5073 173 5117 ast
189 5068 319 5132 genitoris
335 5076 444 5139 nitique
459 5080 600 5128 connexio.
625 5080 668 5129 Sic
697 5082 777 5143 igilur
808 5082 956 5149 theologica

131 5153 192 5189 cum
211 5143 382 5194 naturalibus
397 5148 423 5196 in
440 5156 515 5211 parte
533 5152 645 5200 rationis
658 5151 738 5211 illius,
755 5152 781 5202 id
797 5160 836 5205 est
862 5171 954 5219 perso·

130 5210 259 5269 uastitatis,
276 5215 309 5263 sd
325 5217 402 5280 cujus
416 5219 610 5281 plenitudinem
627 5224 794 5273 naturalibus
825 5227 876 5277 boc
905 5243 955 5281 uo·

131 5295 192 5330 meu
206 5284 321 5336 inditum
337 5294 386 5349 est,
402 5292 546 5340 convenire
562 5292 755 5356 intelliguntur,
772 5300 798 5345 ct
821 5298 848 5347 in
877 5306 952 5362 parte

129 5352 246 5404 dilierre.
263 5356 292 5405 ln
308 5371 361 5421 quo
376 5362 490 5410 maxime
505 5361 570 5411 illud
589 5367 628 5412 est
649 5366 852 5428 attendendum,
879 5373 951 5435 quod

128 5426 265 5476 naturales
288 5443 410 5491 persono
439 5432 481 5481 hie
503 5434 601 5497 quibus
641 5449 810 5503 unaquaeque
848 5442 949 5507 aliquid

127 5498 297 5558 estpriusa
326 5514 353 5550 es
378 5501 575 5554 inuicemsunt
602 5506 670 5565 aliae,
689 5514 718 5559 ut
745 5511 950 5576 bispsrbseca

126 5571 347 5632 sealiis,deinde
365 5574 521 5639 hujusmodi
549 5580 715 5633 extrinsecus
743 5584 822 5635 aliixa
849 5587 950 5648 preadi-

125 5648 248 5721 cementa
278 5645 427 5699 dicautur:
458 5664 574 5715 qnorum
604 5659 784 5720 oppositione,
814 5659 865 5709 etsi
893 5674 947 5711 uon

116 5718 174 5765 suut
203 5714 264 5780 alia,
292 5723 364 5770 recte
394 5724 485 5773 tamen
515 5737 608 5776 eorum
637 5728 945 5793 quibusleutopposl-

107 5785 185 5839 dous
211 5791 372 5857 probantur
399 5808 460 5851 esse
490 5796 552 5851 alis.
579 5798 752 5867 'theologice
772 5812 835 5853 sero
853 5814 946 5867 perso-

1016 4585 1134 4634 alteritas
1148 4597 1324 4648 personarum
1355 4584 1571 4649 theologicarum
1598 4601 1661 4640 non
1687 4595 1729 4643 εει
1752 4598 1827 4639 εεεει

1016 4656 1040 4704 td
1057 4661 1097 4706 eat
1114 4669 1168 4706 uon
1184 4655 1332 4705 secundum
1358 4656 1449 4720 aliqua
1475 4656 1578 4722 quihus
1600 4660 1673 4723 ipsas
1700 4666 1767 4713 sunt
1786 4658 1827 4709 t»

1015 4733 1102 4779 terum
1130 4727 1181 4778 hoc
1206 4740 1306 4777 nomeu
1334 4729 1405 4792 quod
1435 4733 1476 4779 εει
1489 4730 1651 4793 productio,
1668 4736 1773 4785 noant
1792 4730 1826 4779 dl·

1014 4797 1083 4849 sinas
1110 4799 1233 4848 essentias
1260 4811 1369 4858 nomeu,
1397 4800 1525 4863 quoniam
1555 4801 1636 4852 seins
1657 4802 1825 4855 Palerdldter

1013 4884 1045 4920 ar
1061 4886 1088 4920 se
1111 4870 1287 4933 generatione
1319 4870 1413 4921 Filium
1428 4870 1603 4937 produxisse.
1621 4874 1748 4927 Εεεεειὶε
1759 4812 1833 4935 igitr(

1012 4956 1066 5006 qna
1081 4942 1174 4992 Filium
1196 4955 1254 4992 esse
1283 4943 1366 4992 Deum
1395 4944 1572 5007 generatione
1598 4946 1689 5003 dedit.
1717 4948 1821 4998 substra-

1011 5016 1148 5075 tielisest,
1166 5026 1220 5064 uon
1243 5014 1323 5065 modo
1354 5016 1378 5066 ei
1406 5016 1453 5080 qui
1483 5018 1589 5081 gennit,
1620 5020 1673 5071 sed
1700 5020 1773 5072 etism
1793 5014 1822 5065 st

1010 5086 1046 5138 lio
1076 5088 1146 5151 aius,
1177 5090 1204 5137 el
1231 5086 1352 5152 Spiritui,
1381 5093 1428 5154 qul
1453 5090 1486 5140 ab
1516 5089 1821 5160 uiroqaspsocsdalls

1009 5158 1091 5209 latire
1108 5170 1171 5207 vero
1187 5162 1228 5207 εει
1243 5157 1399 5221 praedicatio
1415 5158 1514 5219 Patris,
1531 5176 1588 5228 qus
1615 5166 1723 5219 scilieet
1745 5164 1820 5217 dinsa

1009 5230 1086 5281 Pater
1100 5229 1174 5279 solus
1188 5228 1231 5278 ille
1247 5230 1294 5293 qui
1310 5233 1413 5293 gennit.

1039 5300 1110 5349 Acie·
1124 5299 1298 5355 meritissimus,
1313 5300 1377 5367 ete]
1405 5302 1468 5359 Qun
1495 5306 1631 5368 superius
1648 5308 1684 5359 de
1709 5302 1819 5359 ramas

1006 5372 1074 5431 Filii,
1090 5377 1115 5422 et
1129 5370 1246 5435 Spiritus
1262 5372 1348 5422 sancti
1369 5374 1519 5425 secundum
1551 5382 1704 5433 essentiam
1730 5378 1817 5433 usibile

1006 5448 1032 5495 ει
1055 5444 1211 5494 eorumdem
1241 5442 1385 5495 relationes
1407 5448 1546 5499 numerali
1575 5450 1737 5505 diversitate
1759 5446 1817 5501 sits·

1004 5514 1069 5576 sius,
1085 5518 1111 5566 ει
1125 5513 1287 5579 quibusdam
1302 5515 1372 5577 aliis,
1387 5517 1483 5568 horum
1513 5524 1612 5574 tamen
1639 5538 1730 5589 εεεεε,
1752 5522 1814 5573 iau·

1003 5587 1098 5648 positis
1112 5587 1226 5647 dixerat,
1243 5586 1286 5637 hic
1299 5587 1419 5639 breviter
1433 5592 1611 5657 recapitules.
1635 5598 1734 5659 Quasi:
1748 5595 1830 5647 ran..

1003 5658 1135 5718 ciiiilius,
1159 5661 1187 5708 et
1212 5656 1328 5721 Spiritus
1344 5662 1463 5719 sauctus,
1492 5672 1552 5715 non
1576 5664 1636 5717 arisi
1662 5664 1815 5721 ιειειίιιῦΙΙ

1001 5734 1140 5787 differunt.
1157 5738 1194 5787 ilc
1204 5737 1227 5787 si
1240 5738 1413 5791 meminimus
1429 5740 1568 5807 omnium,
1577 5758 1645 5811 qno
1659 5746 1689 5801 iu
1701 5742 1815 5815 liridi·

1000 5804 1081 5871 huius
1096 5807 1196 5859 scilicet
1205 5808 1296 5875 operis
1309 5810 1432 5876 partibus
1446 5810 1480 5864 ds
1495 5812 1556 5867 lisa
1568 5814 1654 5873 dletn
1681 5823 1742 5873 suat
1763 5824 1815 5867 sss·
