3892 6126
55 198 122 251 1321

588 194 751 251 ΓιΙΙΒΕΗΤΙ
768 191 940 247 PORRETAE
957 191 1225 249 conueniente.

1690 205 1760 259 iasa

53 320 138 371 Filius
153 323 194 371 ast
209 322 314 383 potens,
329 318 444 383 Spiritus
460 320 599 369 amborum
614 323 655 367 est
669 322 775 381 potens.
805 315 880 365 nrrlla
895 317 920 381 Α
936 329 967 364 ex
982 330 1035 380 quo
1051 317 1108 379 ipse
1123 322 1239 375 constat,
1255 330 1309 369 non
1334 318 1385 370 sibi
1408 321 1492 381 unita,
1516 322 1564 374 sed
1585 338 1649 376 vere
1675 340 1759 377 unum

53 390 161 441 ratione
173 389 286 449 intelligi
302 390 382 440 dehet
397 390 468 439 aliud
485 389 630 453 essequod
647 393 724 441 estet
738 386 879 437 aliudesse

53 476 110 528 qun
138 468 233 525 potens
264 465 315 528 eet,
330 461 458 526 quoniam
474 467 501 511 et
514 460 594 518 Patri,
609 466 636 510 ει
650 460 718 510 Filio
734 463 761 509 et
788 459 880 509 arubo-

53 548 114 583 rum
144 533 255 597 Spiritui
282 533 353 581 idem
382 532 494 581 omuino
511 536 561 591 est,
578 536 604 581 ει
618 544 685 583 εεεε.
702 536 729 580 ει
744 534 881 593 potentem

54 618 137 666 asse;
160 602 401 654 simililerillorurrr
426 604 506 652 trium
535 603 645 653 cuilibet
673 602 743 651 idem
759 605 881 655 estesse,

54 681 81 726 ει
112 677 261 741 sapientem
290 690 372 735 esse;
405 677 466 725 itern
496 675 606 724 cuilibet
634 674 882 724 itlornmidemest

55 760 125 805 esse,
141 752 167 797 et
182 750 283 797 trunam
299 761 368 801 esee.
384 751 410 797 ει
425 747 581 809 huiusmodi
599 760 604 793 :
620 746 692 809 quod
709 746 735 793 in
752 756 805 792 uon
822 742 883 791 sim·

54 818 173 884 plicibus
186 820 257 883 quod
273 824 338 868 suut
353 817 445 869 omnia
455 832 517 881 quea
533 822 624 867 creata
646 816 804 877 subsistunt,
832 812 882 862 mi·

54 890 130 940 nime
145 905 235 941 verum
257 896 305 939 est.

88 962 165 1013 Unde
186 969 213 1012 et
231 966 326 1012 octava
354 961 447 1025 regula
463 966 526 1010 est:
551 958 628 1010 (imni
651 958 789 1020 coraposito
808 952 885 1003 uliud

55 1036 170 1091 estesse,
200 1032 277 1083 alind
300 1032 457 1099 ipsasmet]
486 1032 595 1081 Duobus
621 1030 708 1080 modis
725 1024 882 1091 compositio

54 1104 211 1170 accipitur:
230 1118 300 1154 unus
316 1109 366 1161 est,
381 1118 435 1167 quo
451 1103 600 1153 subsistens
617 1100 722 1163 aliquod
755 1113 787 1147 es
817 1098 882 1147 sub·

55 1176 216 1229 sistentibus
228 1178 298 1227 inter
310 1191 338 1226 sa
354 1176 478 1231 diversis.
494 1179 521 1225 ει
535 1190 550 1224 ε
578 1175 677 1239 quibus
704 1171 881 1235 compositum

56 1250 146 1316 ipsum
162 1248 233 1299 atiud
250 1252 300 1303 est.
317 1248 417 1297 dieitur
432 1261 490 1297 esse
519 1245 697 1309 compositum
714 1258 720 1293 :
737 1246 766 1291 ιιι
791 1244 881 1319 borno,

56 1322 105 1386 qui
121 1335 152 1371 ex
166 1318 295 1370 carnibus
310 1325 336 1370 ει
351 1321 467 1381 οεειιιιιε,
483 1318 525 1369 rel
539 1332 571 1367 ex
586 1329 699 1379 corpere
728 1317 754 1363 ει
787 1312 883 1375 sprritu

56 1392 223 1455 compositus
249 1393 300 1441 est.
332 1391 368 1439 lla
393 1404 446 1454 quo
478 1387 627 1451 composito
670 1399 724 1435 non
771 1383 883 1433 dubium

57 1466 100 1513 est
123 1462 240 1526 plurima
267 1461 416 1526 praedicuri,
444 1474 506 1510 uam
537 1463 564 1509 et
585 1472 665 1507 omna
676 1470 730 1520 quo
744 1451 884 1518 quodlibet

56 1549 225 1598 componens
238 1542 288 1597 est,
304 1539 331 1585 et
345 1549 398 1598 quo
414 1533 516 1599 aliquid
532 1536 583 1593 est,
599 1536 626 1581 et
653 1544 722 1586 esso,
747 1527 817 1591 qaod
850 1540 882 1575 ex

57 1608 133 1657 omui
165 1604 386 1670 componentium
416 1619 474 1653 esse
501 1609 527 1653 et
554 1604 613 1652 aliis
635 1599 883 1665 qrriburdsmcom·

937 387 1098 450 atquetdem
1117 388 1255 448 dicuntur.
1280 404 1334 439 non
1359 395 1451 441 tamen
1474 394 1547 457 quod
1570 409 1669 459 corpus
1696 396 1761 447 illud

937 456 1048 507 omnino
1065 461 1098 508 sit
1117 461 1187 509 idem
1210 461 1281 525 qnod
1306 462 1398 524 bomo,
1424 464 1469 513 sed
1494 467 1565 529 quod
1583 467 1662 518 homo
1687 468 1759 519 idem

936 532 1046 579 ourniuo
1064 532 1136 593 quod
1152 546 1250 594 eorpus
1268 532 1330 584 illud
1346 539 1395 584 εει.
1416 533 1487 585 Unio
1512 551 1575 587 sero
1600 552 1707 602 semper
1737 541 1768 590 il.

937 599 1022 650 lorum
1039 606 1085 658 εει,
1102 602 1281 664 quesdiversa
1298 609 1361 653 srrnt
1388 606 1525 669 utriusque
1553 621 1689 659 numero:
1718 612 1764 661 sed

936 671 995 721 brec
1009 678 1049 722 est
1072 674 1206 724 medieas
1228 676 1381 727 diversitate
1400 677 1533 728 rationum
1559 679 1679 731 diversis.
1712 684 1766 733 rili-

936 746 1107 808 ternumque
1122 745 1171 795 sibi
1186 747 1260 795 unita
1275 748 1403 798 dicuntur
1426 752 1538 799 materia
1562 755 1641 815 atque
1666 753 1764 810 torma.

936 819 966 863 ut
990 816 1105 877 quodam
1130 818 1253 867 rationali
1279 818 1372 868 habitu
1406 835 1489 871 unum
1518 824 1668 873 subsistens
1700 826 1763 874 siti

936 885 1012 935 aliter
1031 902 1093 948 pare
1108 891 1217 950 etpars,
1236 894 1265 939 ut
1289 891 1362 952 quod
1386 896 1492 942 constat
1515 908 1548 942 ex
1572 893 1620 951 eis,
1647 897 1764 955 naturali

936 966 982 1008 aut
1004 960 1127 1009 rationali
1151 960 1240 1010 habitu
1267 975 1351 1012 unum
1378 967 1463 1013 totum
1498 964 1541 1022 eit,
1567 971 1612 1017 aut
1651 968 1763 1018 aliarum

937 1029 1073 1080 rationum
1090 1032 1256 1083 consortiis:
1273 1040 1302 1083 ut
1317 1035 1344 1084 in
1359 1034 1492 1093 civilibus,
1505 1042 1552 1087 aut
1581 1037 1690 1103 linguae.
1716 1045 1764 1091 aut

937 1102 1014 1159 ritus,
1030 1108 1076 1153 aut
1091 1104 1167 1165 lepis,
1182 1110 1228 1155 aut
1242 1104 1303 1165 loci,
1321 1111 1367 1157 aut
1379 1106 1500 1165 attactus,
1517 1110 1597 1160 unius
1611 1090 1762 1162 'consortio

937 1176 1061 1224 dieantur
1074 1175 1148 1225 multi
1164 1189 1219 1226 una
1232 1190 1307 1240 gens.
1324 1191 1394 1227 unus
1409 1180 1537 1243 populns,
1553 1195 1623 1231 unns
1647 1196 1763 1233 eonsen-

936 1251 989 1304 tus,
1006 1261 1089 1297 ununr
1105 1262 1159 1305 cor,
1176 1253 1203 1297 ει
1218 1249 1383 1312 hujusmodi,
1400 1251 1432 1300 de
1448 1252 1546 1316 quibus
1562 1254 1763 1306 omnibuenibil

937 1318 969 1367 ad
995 1325 1156 1381 praesentem
1181 1320 1278 1370 locum.
1303 1321 1355 1372 Sed
1384 1325 1426 1373 est
1453 1325 1577 1387 quandam
1611 1326 1764 1377 alterutrius

937 1403 1050 1439 numero
1066 1391 1237 1442 diversorum
1268 1392 1342 1455 nnio,
1366 1407 1444 1457 quam
1474 1396 1670 1448 conformitatis
1695 1400 1763 1449 ratio

937 1460 1008 1517 tacit.
1025 1462 1133 1524 qrraead
1162 1468 1323 1524 presentem
1349 1465 1464 1527 pertinet
1488 1466 1587 1516 locum.
1613 1470 1674 1519 lirae
1699 1472 1764 1520 unio

936 1531 1083 1582 similitudo
1114 1537 1233 1594 vocatur,
1267 1538 1294 1583 ει
1327 1539 1368 1585 εει
1391 1535 1432 1585 vel
1463 1537 1763 1601 secundumnaturaur,

937 1603 979 1652 vel
995 1604 1144 1653 secundum
1165 1604 1288 1667 quaedam
1312 1606 1473 1656 extrinseca.
1499 1609 1653 1660 Secundum
1682 1615 1763 1661 natu·

58 1678 179 1741 ponitur.
208 1693 262 1743 quo
291 1681 317 1728 et
349 1678 436 1741 ipsum
465 1674 643 1738 compositum
670 1670 991 1742 subsistensssestfflram
1008 1676 1312 1739 verorluptieiterrant
1336 1678 1407 1728 enim
1430 1681 1578 1729 secundum
1610 1684 1764 1745 proposita.

59 1755 179 1801 etouine
206 1764 260 1814 quo
290 1748 361 1797 idem
386 1750 465 1812 juxta
493 1746 672 1808 compositum
698 1757 757 1791 εεεε
782 1737 883 1802 aliquid

59 1825 110 1879 est.
121 1822 154 1871 de
181 1820 241 1885 ipso
269 1819 378 1869 bomine
395 1818 560 1880 praedicatur
575 1831 581 1863 :
598 1819 626 1864 ut
642 1814 722 1862 homo
737 1816 777 1860 eet
791 1823 885 1860 carues

59 1898 175 1951 stossu,
190 1899 230 1944 est
257 1907 355 1957 corpus
379 1897 406 1942 et
431 1890 550 1955 spiritus,
567 1894 606 1938 est
635 1888 776 1939 coloratus.
793 1892 819 1932 et
844 1882 884 1931 in·

58 1966 183 2028 teltlgere
207 1968 304 2027 putans
329 1968 370 2013 cst
384 1964 474 2019 horno,
503 1966 530 2011 ει
544 1966 622 2023 aptus
636 1958 670 2007 ad
688 1956 843 2010 ridendum,
859 1960 885 2002 et

59 2036 217 2099 hujusmodi
248 2036 372 2100 plurima.
404 2034 479 2084 Alius
505 2047 566 2082 vero
600 2028 806 2094 compositronis
825 2027 885 2104 ⁵eet

61 2108 171 2167 modus,
186 2121 239 2169 quo
254 2119 309 2157 nnn
333 2106 439 2170 quidem
455 2104 604 2154 subsistens
628 2117 660 2152 ea
676 2098 885 2176 subsisterrtrbus

60 2182 135 2243 (nam
160 2183 290 2243 quantum
321 2178 351 2227 nd
381 2177 433 2226 hoc
458 2175 571 2239 simplex
594 2177 654 2235 est),
678 2172 723 2220 seri
747 2176 773 2219 et
794 2166 885 2217 multra

59 2261 178 2315 quorum
196 2262 359 2312 sanoquuqrre
375 2251 423 2299 est.
442 2252 469 2296 et
495 2244 586 2294 multis
618 2256 733 2307 quorum
760 2250 885 2319 unoquo·

59 2335 115 2386 que
131 2319 230 2385 ailquid
246 2324 295 2375 eet.
312 2320 372 2385 ejus
387 2322 492 2367 constat
506 2316 657 2380 proprietas
674 2328 680 2362 :
713 2316 742 2362 ut
770 2316 885 2360 tromrnrs

59 2390 182 2455 spiritus.
197 2389 243 2455 qui
261 2405 331 2440 unus
359 2395 386 2439 et
414 2389 536 2451 simplex.
553 2391 684 2451 quartum
700 2384 732 2433 ad
748 2383 799 2431 boc
814 2379 885 2443 quod

59 2476 117 2515 nou
146 2477 179 2513 es
210 2461 323 2511 diversis
352 2459 563 2510 subsistentibus
591 2462 706 2511 constat,
736 2460 763 2503 et
794 2452 886 2502 multis

59 2532 242 2585 subsistentiis
257 2537 306 2590 εει,
331 2537 358 2583 et
387 2531 478 2581 multis
507 2543 597 2579 carum
623 2524 809 2577 accidentibus
836 2523 886 2571 ali-

59 2605 125 2671 quid
156 2610 218 2656 est:
249 2606 362 2668 irleoque
393 2595 884 2664 ennrpositus,necipsumquudest.

62 2678 121 2727 lton
140 2676 211 2726 eninr
227 2677 253 2725 iu
270 2688 301 2725 eo
316 2675 538 2737 compositionem
559 2670 723 2721 attendimus
738 2682 745 2717 τ
758 2667 885 2729 eruentem

62 2748 137 2798 sliud
155 2747 281 2810 estquod
297 2750 345 2799 εει.
362 2744 434 2794 aliud
458 2758 512 2808 equo
540 2746 588 2791 εει.
617 2741 683 2790 Νειιι
712 2740 733 2787 si
762 2737 888 2800 quemad·

61 2819 174 2870 modurn
205 2817 277 2883 quod
307 2824 356 2878 eet,
388 2830 472 2865 unum
501 2819 604 2863 tanturn
633 2817 681 2866 eet.
710 2811 746 2858 itn
778 2821 886 2872 queque

62 2904 148 2941 nuum
177 2890 288 2953 simplex
318 2892 423 2940 tantum
451 2892 529 2943 esset,
545 2899 599 2949 quo
616 2887 644 2933 ει
658 2885 772 2939 εεεει,ει
786 2879 886 2944 aliquid

62 2961 232 3017 esset.uutln
252 2962 350 3011 ratione
379 2957 558 3022 compositum
587 2958 667 3005 esset.
696 2955 788 3017 ltaque
818 2964 884 3013 quo-

939 1751 1043 1797 naturee
1067 1746 1273 1810 plenitudinem.
1302 1754 1328 1797 et
1353 1749 1452 1800 dicitur
1481 1751 1666 1802 substantialis
1692 1754 1764 1803 simil

939 1819 1044 1870 titudo:
1063 1818 1178 1882 qualiter
1192 1819 1282 1869 album
1297 1821 1359 1871 albo
1374 1820 1461 1872 simile
1483 1827 1532 1879 est.
1559 1828 1586 1873 et
1608 1824 1685 1875 bomo
1714 1826 1763 1875 bn-

940 1890 1029 1945 mlni;
1053 1893 1101 1938 aut
1125 1890 1273 1939 secundum
1300 1894 1444 1953 propositas
1470 1899 1572 1944 naturas
1604 1901 1691 1959 partes
1715 1898 1762 1947 ati·

939 1976 1015 2026 qnae.
1032 1964 1059 2010 ει
1072 1966 1184 2010 vocatur
1199 1961 1518 2024 imaginariasImilitrrdu
1534 1980 1541 2013 ι
1572 1966 1687 2029 qualiter
1712 1967 1764 2016 bu-

940 2047 1018 2082 mana
1039 2033 1144 2095 pictura
1164 2046 1229 2081 sero
1251 2032 1354 2082 honrini
1379 2034 1477 2084 dicitur
1502 2035 1606 2084 similis.
1632 2038 1677 2086 ltta
1699 2051 1764 2088 vero

939 2118 999 2168 qum
1012 2107 1053 2151 est
1067 2103 1215 2152 seeundum
1229 2105 1391 2159 extrinsece,
1407 2104 1507 2155 dicitur
1533 2106 1647 2157 imitatio
1663 2124 1670 2157 ι
1696 2122 1763 2172 qua·

940 2175 1001 2225 liter·
1015 2174 1111 2224 nrtir'ex
1126 2175 1224 2237 aliquis
1239 2175 1283 2224 alii
1299 2176 1404 2229 artiliei.
1428 2176 1468 2226 vel
1493 2177 1574 2228 bomo
1597 2180 1660 2238 Deo,
1686 2181 1765 2243 juxta

939 2246 1106 2295 voluntatem
1135 2244 1194 2309 ejus
1222 2244 1325 2309 aliquid
1357 2247 1491 2306 iaciendo,
1527 2249 1627 2299 dicitur
1660 2250 1763 2300 similis.

939 2316 1032 2380 ltaque
1046 2320 1141 2365 contra
1163 2317 1241 2373 banc,
1264 2330 1324 2380 qum
1349 2324 1390 2367 εει
1413 2319 1605 2379 similitudinis,
1636 2323 1766 2372 unionem

940 2386 1169 2437 dissimilitudinis
1203 2386 1388 2438 diversitatem
1419 2389 1512 2440 solens
1547 2391 1673 2455 intelligi,
1698 2392 1763 2443 ait:

940 2459 1033 2507 timuis
1065 2458 1207 2507 diversitas
1238 2459 1467 2509 dissimilitudinis
1500 2466 1540 2510 εει
1572 2462 1670 2513 dicore.
1702 2464 1764 2513 Sese

941 2530 1048 2579 etenim
1061 2529 1259 2587 quodammodo
1275 2528 1422 2581 abhorrent
1435 2532 1597 2597 fugiuntque
1619 2536 1764 2584 contraria.

942 2599 1101 2651 Uurleetiu
1127 2600 1263 2649 mundane
1284 2601 1402 2663 ephrem,
1427 2604 1505 2665 ignis.
1527 2606 1572 2667 qui
1597 2610 1638 2655 est
1661 2610 1763 2665 acutus,

941 2669 1071 2730 substilis,
1094 2674 1121 2719 et
1143 2670 1258 2726 mobilis.
1284 2675 1323 2719 cat
1348 2686 1510 2735 supremus:
1535 2678 1605 2724 terra
1631 2689 1695 2725 vero
1724 2681 1765 2726 est

941 2750 1069 2804 extrema,
1084 2758 1145 2807 quas
1170 2748 1211 2793 εει
1244 2745 1349 2803 οιιιιιεε,
1374 2746 1533 2807 corpulenta
1554 2754 1579 2797 et
1607 2746 1764 2798 immobilis.

941 2815 1093 2865 Similitudo
1108 2829 1172 2865 vero
1188 2816 1341 2879 appetenda
1369 2821 1418 2873 εει.
1442 2819 1495 2867 imo
1519 2820 1665 2882 appetitur.
1687 2820 1763 2870 Unde

941 2892 967 2937 et
982 2888 1008 2936 in
1025 2887 1118 2937 eadem
1135 2888 1273 2937 mundana
1287 2888 1401 2951 sphaera,
1426 2903 1472 2938 aar
1494 2894 1521 2939 et
1540 2904 1619 2954 aqua,
1649 2892 1684 2941 ita
1700 2895 1764 2941 eunt

942 2959 1039 3015 media.
1064 2958 1137 3022 quod
1161 2956 1219 3022 igni
1245 2972 1299 3013 aer.
1332 2974 1411 3021 quam
1437 2974 1507 3019 anua
1532 2962 1765 3026 similior:-qu0·

61 3035 135 3083 niem
152 3031 338 3089 nlioest,alio
361 3029 460 3094 aliquid
492 3032 540 3089 eet,
570 3026 675 3076 etiaursi
702 3038 757 3103 tien
785 3036 817 3071 tx
844 3022 923 3101 (tl-c
942 3029 1014 3079 uiam
1042 3028 1165 3078 similiter
1189 3029 1309 3079 substilis
1332 3036 1359 3080 ει
1382 3032 1498 3091 ιιιοιιίιίε,
1522 3030 1561 3082 1111
1587 3033 1765 3097 propinquior

61 3103 149 3153 versis
163 3101 374 3152 subsistentibus
392 3104 505 3154 constet,
520 3098 671 3147 subsistens
702 3107 788 3156 rpsuur
820 3106 886 3141 con·
942 3106 990 3150 ρει,
1016 3100 1058 3149 sie
1082 3107 1109 3149 et
1132 3106 1211 3150 ier-m
1235 3113 1304 3164 aqua
1327 3099 1385 3151 1000
1410 3116 1488 3166 qum„
1514 3104 1764 3153 aerestvicinior:

60 3181 166 3225 eretum
195 3180 276 3239 atque
302 3174 478 3235 compositum
508 3173 556 3219 est.
581 3170 711 3227 Quoniam
728 3176 886 3242 erpoourne

59 3246 211 3297 subsistens
225 3246 278 3295 tale
294 3248 343 3300 est,
367 3242 535 3308 generaliter,
552 3242 596 3295 ait.
623 3240 697 3287 omni
726 3237 884 3297 courposrto.

60 3316 87 3367 ld
102 3319 143 3367 est
159 3317 233 3366 omni
248 3315 412 3375 subsistenti,
443 3312 514 3362 aliud
544 3316 583 3361 est
611 3324 668 3359 esse
699 3323 753 3372 quo
787 3306 887 3354 scilicet

60 3391 123 3439 est:
140 3388 227 3450 ipsum
242 3400 306 3437 vero
321 3389 362 3436 εει
377 3385 449 3435 aliud
465 3384 517 3433 alio
545 3384 672 3447 quodum,
703 3393 756 3442 quo
785 3376 886 3427 scilicet

60 3458 164 3523 aliquid
176 3462 227 3507 est.

93 3530 171 3581 Nona
193 3530 303 3593 regule:
331 3528 419 3577 Onsnr‘s
441 3524 584 3577 ‹lineriitue
608 3523 713 3579 ducere,
740 3517 886 3569 similitudo

60 3618 124 3654 uero
147 3602 356 3668 appetendoest:
370 3606 394 3649 et
422 3598 491 3663 quod
512 3598 611 3661 oppetit
633 3595 713 3653 utirrd,
730 3596 783 3642 tute
801 3594 884 3655 ipsum

60 3689 118 3725 esse
132 3673 293 3724 naturaliter
315 3671 469 3725 neterrds'tur.
485 3672 560 3734 quarte
578 3672 615 3718 est
633 3668 680 3715 troo
708 3666 792 3729 ipsum
816 3662 887 3721 qnod

60 3742 350 3811 appetit.]Diuersitaii
377 3742 503 3791 identitas
533 3737 668 3789 contraria
696 3742 757 3787 est:
789 3734 885 3785 simili·

57 3817 127 3869 tudo
156 3830 222 3867 vero
246 3827 409 3879 repugnans.
435 3812 544 3871 idcirco,
575 3810 697 3873 quamvis
720 3806 885 3872 quibuslibet

57 3888 212 3939 rationibus
239 3886 310 3937 idern
339 3884 445 3942 dicitur,
476 3882 579 3931 hisdem
614 3880 749 3930 diversum
777 3893 884 3942 qunque

56 3959 279 4019 dicetur,tameu
296 3957 419 4007 hocloco
436 3956 464 4003 in
489 3968 519 4002 ειι
543 3954 648 4002 ratione
674 3953 700 4000 iu
730 3966 782 4013 ιιιιιι
809 3950 885 3999 sirni-

55 4029 149 4082 lltudo
164 4030 332 4091 intelligitur,
348 4026 530 4077 diversitatem
550 4022 754 4086 intelligendam
783 4022 884 4078 «locuit,

55 4116 123 4154 cum
154 4104 292 4167 praemisso
320 4099 390 4164 quart
421 4098 507 4147 omnis
535 4094 803 4155 diversitasdiseors,
830 4108 884 4145 aon

55 4174 213 4237 subiunxit,
243 4172 370 4222 identitas
402 4184 476 4228 vero,
505 4167 551 4217 sed
595 4168 694 4230 potius,
738 4165 885 4216 similitudo

56 4258 138 4303 vero,
154 4248 205 4295 etc.
220 4244 373 4297 Similitudo
393 4242 490 4291 dicitur
507 4238 630 4302 quendem
651 4252 683 4287 ex
712 4237 885 4300 proportione

55 4314 261 4369 contrariorum
279 4320 325 4365 ειιι
341 4314 456 4378 pierium,
473 4313 521 4360 aut
536 4309 586 4359 sub
601 4308 722 4357 eumdem
752 4307 884 4357 rationem

939 3173 1067 3235 quoniam
1083 3172 1259 3233 ipsaquoque
1283 3170 1459 3222 similitudine
1482 3179 1524 3223 εει
1548 3173 1587 3223 illi
1611 3188 1693 3238 quens
1718 3188 1765 3224 aer

940 3240 1120 3305 conjunctior.
1135 3241 1200 3292 Inde
1215 3242 1342 3305 estquod
1357 3245 1378 3291 si
1399 3243 1460 3306 quis
1483 3258 1566 3308 supra
1586 3244 1676 3309 iguem
1709 3250 1765 3295 ter-

941 3328 997 3363 rum
1021 3314 1109 3362 locare
1133 3312 1247 3374 laboret,
1273 3312 1382 3376 propriu
1418 3314 1571 3366 alterutrius
1608 3314 1765 3379 ponderosi·

939 3390 1003 3441 tate,
1028 3391 1055 3433 et
1079 3386 1169 3447 ignem
1193 3397 1301 3434 sursum
1326 3384 1422 3435 levitas
1446 3386 1581 3447 subvehit,
1610 3393 1635 3437 et
1664 3393 1764 3437 terram

939 3456 1066 3505 deorsum
1084 3454 1288 3518 gravitassidit.
1303 3454 1433 3506 Similiter
1450 3462 1477 3505 et
1497 3458 1529 3507 de
1554 3459 1604 3505 sub
1635 3474 1705 3523 aqua
1730 3472 1765 3508 ve

939 3532 1010 3575 terra
1026 3526 1136 3576 invento
1154 3530 1253 3584 meatu,
1278 3539 1327 3577 sua
1354 3527 1552 3589 ponderositate
1578 3544 1624 3579 uer
1645 3529 1764 3593 explodi·

939 3605 991 3649 tur.
1007 3602 1034 3646 ει
1048 3597 1081 3646 ad
1098 3596 1188 3655 ignem
1205 3610 1290 3660 usque
1314 3598 1482 3647 contendens
1505 3599 1556 3648 suh
1578 3602 1637 3662 ipso
1661 3600 1761 3649 retine·

939 3676 991 3725 tur.
1010 3673 1214 3733 etnqunsuper
1242 3683 1330 3719 aerem
1355 3671 1397 3720 ιει
1420 3671 1507 3733 ignem
1532 3672 1629 3735 posita,
1651 3672 1762 3736 propris

939 3738 1062 3790 similiter
1077 3740 1277 3801 ponderositate
1293 3740 1418 3792 deorsum
1434 3756 1527 3792 sersus
1542 3758 1625 3807 usque
1648 3744 1681 3792 ad
1706 3749 1761 3794 ter·

938 3825 994 3861 rsm
1017 3811 1137 3874 liquitur,
1160 3811 1250 3874 ibique
1274 3815 1386 3869 retenta,
1411 3826 1492 3876 super
1528 3812 1613 3876 ipsam
1648 3814 1760 3867 locatur.

938 3883 1016 3943 h'rrqit
1037 3882 1108 3930 enim
1136 3882 1348 3945 unumquodque
1373 3881 1504 3946 quidquid
1529 3885 1555 3932 in
1584 3898 1683 3948 genere
1710 3900 1759 3935 suo

938 3952 1154 4002 dissimilitudine
1178 3966 1194 4001 a
1214 3966 1242 4001 se
1268 3952 1402 4003 diversum
1430 3958 1492 4003 eet:
1517 3956 1618 4005 accedit
1642 3970 1705 4006 seru
1726 3958 1759 4005 ad

939 4025 964 4073 id
994 4024 1066 4086 quod
1090 4025 1270 4087 qualicunque
1293 4023 1513 4074 dissimilitudine
1541 4026 1591 4075 eibi
1623 4030 1761 4076 conforme

939 4098 988 4152 est,
1004 4099 1031 4144 et
1043 4109 1057 4144 ε
1071 4108 1203 4144 converso
1219 4094 1444 4159 qualitercunque
1459 4096 1596 4145 contorme
1612 4103 1660 4155 eet,
1689 4098 1762 4160 quod

939 4167 1050 4215 accedit.
1067 4165 1143 4215 Unde
1158 4166 1267 4215 subdit:
1283 4170 1311 4215 et
1325 4166 1396 4230 quod
1419 4165 1521 4229 appetit
1540 4166 1623 4225 aliud,
1648 4182 1678 4215 eo
1703 4167 1763 4230 ipso

940 4236 1135 4299 quodappetit,
1160 4235 1313 4286 ostenditur
1337 4241 1425 4299 ipsum
1447 4250 1504 4285 esse
1530 4238 1689 4288 naturaliter
1711 4237 1764 4288 tale

941 4308 1029 4370 aliqua
1060 4308 1183 4369 superius
1223 4307 1388 4356 diversarum
1420 4306 1628 4357 similitudinum
1663 4310 1762 4373 specie.

56 4388 218 4439 cadentium
236 4386 410 4451 comparatio.
430 4385 465 4432 Dc
489 4395 543 4445 qun
568 4380 634 4429 nihil
663 4378 696 4428 ad
725 4384 885 4439 pausantem
903 4378 1017 4455 unale
1032 4383 1072 4427 est
1086 4378 1245 4439 bocipeum,
1262 4377 1462 4427 videlieetiltud
1475 4378 1640 4442 aliud‚quod
1652 4382 1762 4444 appetit.

54 4462 162 4511 locum.
191 4459 236 4509 Est
264 4459 343 4509 etiarn
373 4456 424 4506 slia
451 4454 484 4503 ud
513 4454 585 4501 bunc
616 4450 753 4511 pertinens
786 4451 882 4511 locum,
968 4449 1434 4516 sntfieiuasipiruqete.]1tegrrlas
1457 4450 1513 4502 sive
1538 4451 1676 4511 terminos,
1700 4454 1763 4518 qui-

54 4546 124 4599 quss
149 4530 275 4595 proprius
305 4529 403 4578 dieitur
429 4524 588 4585 similitudo,
615 4535 675 4585 quas
717 4520 816 4572 scilicet
846 4525 887 4572 est

55 4602 187 4669 quaedam
215 4602 278 4653 unio
306 4598 485 4649 diversorum.
504 4596 572 4645 Unio
587 4594 655 4649 dieo.
676 4606 730 4642 nou
747 4594 844 4655 unitae,
859 4596 887 4642 et

56 4674 198 4739 quaedam.
228 4686 282 4723 non
310 4670 446 4736 qnalibet.
475 4666 548 4716 illem
576 4666 734 4728 enimquse
759 4677 887 4715 verono-

57 4746 248 4799 miuedicitur
269 4746 408 4801 unitatem,
437 4738 492 4789 sola
521 4742 625 4787 naturas
649 4734 795 4800 singularis
822 4750 888 4800 pro·

58 4816 167 4883 prietes
195 4816 266 4873 lacit.
281 4828 343 4880 qu·
360 4818 457 4862 natura
487 4808 649 4873 quandoque
670 4809 697 4857 in
714 4822 769 4857 uno
783 4813 887 4857 tanturn

57 4894 113 4943 εει.
145 4892 173 4936 ut
188 4885 316 4952 quaelibet
339 4884 452 4943 illaqns
475 4878 675 4942 srrperereiesiis
700 4879 810 4941 spiritus
838 4879 890 4927 nli·

57 4962 134 5025 quis.
165 4972 251 5007 uuum
278 4956 380 5020 aliquid
408 4957 470 5003 est:
489 4949 695 5015 qurrudoquain
712 4950 811 5005 multis.
828 4963 888 5013 quse

57 5030 113 5081 etsi
133 5042 187 5079 non
202 5026 368 5081 alterutrius.
382 5024 474 5073 saltem
504 5021 616 5070 atterius
640 5033 754 5070 numero
783 5023 889 5070 constat

58 5100 252 5155 essediversa.
272 5098 307 5150 Ut
334 5096 465 5161 quaslibet
492 5092 605 5141 barisani
634 5092 756 5153 eorporis
784 5096 889 5149 nutura,

60 5188 129 5241 quise
147 5186 202 5223 uon
217 5171 297 5221 nando
311 5171 339 5219 ln
354 5180 466 5231 corpore
482 5163 609 5217 bominis.
634 5176 727 5211 verum
755 5164 833 5213 etiarn
862 5166 888 5214 in

61 5250 128 5313 ipso
151 5245 198 5309 qul
227 5258 260 5293 ex
285 5254 397 5303 corpore
421 5240 536 5289 constat.
559 5232 686 5283 videlieet
716 5233 745 5283 iu
781 5234 890 5285 bomine

63 5316 251 5371 modicitas,
273 5319 299 5363 ει
317 5316 351 5361 da
370 5312 427 5373 ipso
449 5308 557 5357 bomine
578 5305 747 5368 praedicatur.
768 5320 828 5354 euru
856 5310 893 5355 ta·

60 5404 130 5445 men
158 5402 257 5451 corpus
286 5384 404 5435 bominis
430 5387 509 5445 atque
539 5379 629 5435 bomo.
660 5392 714 5427 nnn
731 5379 892 5441 etcorpnris

61 5468 95 5516 et
119 5460 245 5519 bominis,
274 5458 321 5506 sed
345 5450 532 5505 tautummodo
552 5448 671 5500 hominis
698 5462 812 5498 numero
840 5447 893 5498 dil·

59 5532 239 5589 seranttion
264 5528 337 5578 enim
365 5538 464 5587 eorpus
494 5520 612 5571 bortrinis
639 5525 680 5570 est
705 5524 808 5569 naturas
836 5532 892 5568 suae

59 5603 233 5675 proprietate
248 5600 320 5651 aliud
335 5610 420 5647 unum
432 5610 513 5659 apuam
526 5594 606 5643 bomo
624 5608 631 5643 2
648 5592 693 5641 seri
711 5592 791 5641 irorrro
820 5591 893 5641 urul-

58 5684 155 5733 tarum
185 5676 344 5723 naturarum
366 5680 475 5718 suarum
509 5664 718 5729 proprietatibus
749 5666 789 5711 est
819 5662 892 5712 aliud

57 5758 251 5812 ennumquam
266 5740 505 5803 bominiseorpus.
526 5735 604 5786 Unde
631 5736 713 5786 borno
741 5738 769 5784 ει
795 5747 894 5796 corpus

209 5850 346 5915 Person.
368 5844 472 5909 LXIV.

939 4524 990 4573 bus
1005 4536 1036 4569 ειι
1052 4536 1113 4585 quae
1136 4525 1288 4585 sequuntur
1312 4520 1422 4577 etfleiat,
1444 4521 1585 4585 bucusque
1610 4526 1761 4588 proposuit.

939 4593 1043 4654 Quibus
1056 4592 1184 4656 quoniam
1204 4596 1231 4643 ει
1246 4594 1409 4657 propositam
1436 4593 1632 4645 hebdomadem
1656 4597 1684 4645 in
1712 4596 1762 4646 dn·

940 4665 1099 4715 bitationem
1127 4665 1273 4723 adducere,
1308 4668 1334 4713 et
1363 4664 1436 4726 quod
1466 4664 1499 4714 de
1538 4663 1587 4715 itta
1617 4668 1701 4719 sentit
1736 4683 1764 4718 se

941 4751 1020 4801 posse
1045 4736 1204 4786 confirmare
1229 4749 1284 4785 non
1310 4735 1424 4794 dubitat,
1454 4736 1491 4785 ait
1520 4736 1690 4789 :Sutfleiuut
1714 4739 1766 4803 igi·

942 4815 995 4865 tur.
1027 4808 1060 4859 ad
1098 4823 1130 4858 es
1160 4821 1221 4871 quae
1263 4811 1414 4870 sequuntur
1445 4806 1595 4868 elicienda,
1620 4810 1678 4860 baec
1705 4824 1766 4874 ques

942 4882 1129 4943 proemisimus.
1154 4882 1218 4939 οιιιε
1239 4884 1330 4929 ιειιιειι
1354 4878 1452 4943 quibus
1484 4883 1616 4929 secuturae
1653 4882 1768 4933 demon·

943 4950 1090 5004 strationis.
1121 4951 1177 5000 sive
1206 4948 1333 5007 inventis,
1368 4947 1425 4998 sive
1450 4949 1672 5001 conclusionibus
1701 4966 1765 5016 pos·

943 5025 997 5073 sint
1022 5022 1116 5084 aptari,
1147 5034 1198 5083 epo
1229 5026 1340 5084 propter
1369 5019 1437 5078 illos,
1469 5033 1584 5083 quorum
1614 5022 1767 5085 petulantia

944 5094 1010 5144 nibil
1033 5092 1134 5155 patitur
1159 5105 1217 5142 esse
1241 5090 1426 5153 conjunctum,
1455 5092 1568 5141 studens
1596 5094 1769 5144 obscuritati-

943 5166 995 5215 bus
1018 5164 1167 5222 brevitatis,
1191 5163 1303 5213 minime
1327 5162 1444 5212 notavi:
1471 5167 1500 5211 ut
1528 5164 1643 5213 dicerent
1659 5165 1710 5213 boc
1726 5164 1768 5213 sel

943 5236 1022 5297 illud,
1047 5250 1078 5285 es
1104 5234 1186 5297 hujus
1207 5234 1246 5283 rel
1275 5232 1347 5282 illius
1379 5233 1481 5297 regulas
1503 5234 1607 5283 ratione
1632 5237 1768 5283 constare.

946 5308 1110 5369 Aprurleute
1137 5320 1201 5355 vero
1225 5306 1372 5367 interprete
1395 5304 1517 5360 rationis,
1540 5303 1586 5367 qui
1610 5303 1713 5354 seilicet
1737 5318 1769 5354 ex

945 5378 1011 5442 ipsis
1042 5377 1161 5427 inventis
1183 5381 1210 5427 et
1237 5376 1323 5426 torma
1352 5376 1563 5426 ratiocinationis
1587 5376 1661 5425 locus
1697 5376 1772 5439 ipsus

945 5448 1101 5505 rationales,
1131 5462 1146 5496 a
1169 5448 1268 5511 quibus
1292 5446 1351 5497 brec
1374 5450 1439 5495 surrt
1461 5445 1584 5501 deducta,
1624 5443 1774 5507 prudenter

945 5519 1146 5575 animadvertit.
1177 5518 1393 5581 unumquodque
1427 5516 1617 5579 predictorum
1649 5518 1704 5565 suis
1724 5532 1774 5581 ap·

945 5591 1046 5641 labitur
1059 5592 1235 5651 argumentis.
1251 5587 1279 5636 id
1297 5594 1348 5645 est.
1363 5588 1395 5635 ιιι
1412 5600 1493 5648 quum
1510 5600 1602 5635 earrrrn
1617 5599 1680 5648 qum
1703 5602 1777 5650 pras·

945 5662 1024 5713 dictae
1038 5664 1102 5712 suut
1116 5660 1283 5725 regularum,
1302 5660 1367 5713 illud
1381 5656 1424 5705 tel
1447 5656 1512 5706 illuri
1539 5658 1681 5721 purasne,
1709 5663 1779 5710 ussi·

947 5734 1085 5798 gnabitur.

1604 5838 1641 5895 lt
