3892 6126
112 288 169 345 581
492 291 530 345 tit
548 289 687 344 amnuit
705 288 752 342 Di!
769 282 1110 341 incumbamus
1127 286 1249 344 ntimo
1267 292 1447 352 SECUNDA.
1769 304 1823 360 582

114 413 214 473 locum
226 428 310 470 suum
322 413 459 470 servetad
469 414 598 483 verbum,
609 413 683 470 sicut
706 411 737 468 in
764 411 809 466 liis
832 424 945 479 quoquc
959 406 987 472 Α
1002 408 1117 464 niodum
1131 409 1247 480 qnidam
1262 414 1403 489 scierant,
1420 435 1479 478 reni
1507 439 1574 481 vero
1589 425 1624 483 de
1638 442 1692 498 qua
1723 431 1825 488 modus

118 503 362 576 propositionibus
380 503 479 563 bairai,
493 518 554 574 quaa
567 503 714 572 simplices
740 509 767 557 et
794 500 860 556 sins
889 496 950 553 clla
1001 495 1050 552 ille
1058 502 1239 571 predicatur,
1249 521 1304 560 non
1320 509 1461 577 perimant
1487 517 1515 569 et
1535 516 1564 569 in
1590 517 1694 585 quibus
1712 521 1828 590 ponitur

119 595 205 649 modo
217 601 426 663 proponuntur.
439 591 510 646 Nam
522 591 546 647 si
556 597 648 647 servet
661 591 755 646 locuni
767 603 852 644 suum
863 604 949 659 nega·
1003 599 1056 653 res,
1069 593 1099 643 ut
1110 589 1140 644 in
1151 607 1183 645 eo
1194 595 1267 663 quod
1280 603 1320 652 εει
1332 597 1463 655 Socrates
1487 603 1621 659 velociter
1643 610 1781 675 ambulat,
1800 617 1828 666 ει

120 685 178 739 ιιεε
190 684 339 755 particula,
351 692 379 739 ει
393 689 515 754 ρειιειει
528 685 563 739 ad
574 685 703 749 verbum,
714 685 871 753 proprietas
879 694 948 735 con·
1002 675 1031 732 ta
1042 679 1147 747 quilius
1158 681 1328 750 praedicatur
1337 697 1416 745 actus
1425 690 1485 760 ipse
1494 702 1519 747 et
1538 711 1671 763 praeseus,
1698 699 1764 767 quia
1780 698 1830 755 [iat

122 774 304 829 tradicticcis
315 774 431 842 excidii,
442 781 468 828 ct
482 789 576 828 verum
588 772 701 829 interae
713 772 873 839 lalsumquc
893 784 950 825 uon
1002 773 1086 834 atquc
1101 780 1209 838 agiiiur,
1229 775 1408 833 manifestum
1424 789 1466 835 εει
1496 784 1613 839 modum
1640 787 1756 855 quidem
1784 805 1832 844 su·

122 862 237 919 dividit.
255 867 354 918 Modus
367 863 444 919 cuim
462 863 577 932 quidam
607 869 650 919 est
679 860 801 917 faciendi
832 857 950 927 aliquid,
1004 853 1492 934 brut,rairirarcqucfisrtdiciiar
1509 888 1693 943 permanere,
1718 884 1746 930 ει
1763 892 1829 932 cuin

124 955 237 1024 quotics
252 953 377 1008 dicimus
391 953 498 1023 aliquid
516 952 652 1024 possibile
676 967 750 1016 cssc,
771 948 814 1004 vel
838 961 953 1004 necesse
1004 944 1138 1014 dicimus,
1150 948 1280 1007 Socrates
1293 970 1349 1009 uoii
1362 957 1494 1014 volociter
1510 961 1650 1017 ambulat.
1675 965 1830 1022 Ambulare

124 1057 200 1110 esse,
216 1044 258 1098 vel
286 1042 421 1114 quidquid
448 1042 613 1111 hujusmodi
633 1050 685 1097 εει.
701 1041 773 1110 Ergo
789 1038 812 1094 si
828 1038 892 1110 quis
909 1052 953 1092 me
1004 1035 1081 1090 enim
1101 1052 1167 1093 euni
1182 1039 1298 1111 quidem
1322 1060 1379 1100 non
1405 1047 1567 1104 subrectum
1584 1056 1636 1118 εει,
1654 1054 1702 1107 sed
1719 1062 1829 1111 tantuin

125 1133 201 1188 dicat
212 1148 292 1187 nnnc
304 1147 385 1202 posse
395 1131 560 1198 ambulare,
573 1132 707 1202 idemque
719 1136 801 1198 neget
825 1127 953 1200 negatio·
1007 1124 1066 1180 tias
1078 1128 1188 1193 necatio
1201 1130 1377 1189 velocitatem
1388 1135 1424 1191 ab
1435 1137 1629 1197 ambulatione
1641 1142 1788 1211 disjunxit.
1798 1141 1830 1199 lu

125 1236 189 1277 neni
203 1222 357 1291 poneusad
372 1219 488 1277 verbum
501 1223 574 1291 quod
585 1228 626 1276 εει
644 1218 800 1284 ambulare,
823 1219 955 1286 dicatque
1007 1212 1050 1269 bis
1066 1222 1160 1272 autern
1176 1234 1238 1289 quae
1253 1222 1469 1289 possibilitatem
1485 1227 1594 1298 aliquid
1619 1229 1648 1284 iii
1679 1231 1773 1288 laturo
1789 1231 1832 1286 la·

126 1327 169 1368 me
182 1326 267 1380 posse
278 1327 335 1366 non
346 1310 504 1378 ambulare,
515 1310 668 1366 affirmatio
681 1315 709 1365 el
720 1307 830 1375 negritia
841 1314 955 1362 contra·
1006 1303 1100 1361 ciendi
1117 1321 1165 1374 por
1182 1309 1298 1364 modum
1315 1319 1436 1380 ponunt,
1453 1314 1680 1374 nultusomnino
1690 1324 1771 1376 actus
1783 1335 1832 1390 po·
1927 1328 1930 1339 '

125 1398 258 1457 dictoriae
269 1400 304 1455 ds
315 1401 414 1455 eodeni
424 1401 518 1467 dictae,
530 1396 898 1455 veraesimulinvenisiitur.
910 1392 955 1448 Me
1008 1393 1096 1457 uitur,
1106 1397 1153 1450 sed
1166 1406 1273 1453 tantum
1288 1402 1405 1469 modus;
1426 1404 1461 1458 ad
1487 1420 1569 1475 quem
1595 1409 1712 1465 modum
1730 1409 1834 1479 juncta

124 1505 257 1560 nemque
268 1497 295 1544 st
309 1489 456 1544 ambulare
473 1505 554 1558 posse
570 1494 598 1542 et
614 1503 670 1545 non
690 1485 838 1542 ambulare
863 1481 954 1537 mani·
1008 1483 1120 1549 negatio
1134 1486 1249 1541 modum
1261 1489 1375 1559 quidem
1387 1493 1513 1563 pariiiiit.
1524 1496 1577 1550 Sed
1594 1512 1638 1552 res
1662 1496 1712 1552 illa
1726 1498 1761 1554 de
1776 1514 1832 1569 quu

119 1578 231 1659 testum
239 1580 373 1645 cst.Quod
383 1578 443 1633 siin
453 1577 602 1634 bocmodo
611 1575 808 1646 possibilitatis
816 1578 957 1628 nourecte
1009 1571 1109 1627 modus
1121 1575 1328 1642 praedicabatur
1340 1596 1395 1634 non
1409 1588 1566 1650 permanet,
1577 1584 1684 1641 idcirco
1695 1588 1830 1656 quoniam

119 1669 212 1725 verbo
222 1667 361 1739 particula
371 1662 825 1737 negatiraccnjungitunetlamia
836 1662 956 1729 bisquo-
1009 1675 1062 1716 nec
1072 1673 1139 1718 irinc
1150 1680 1216 1719 cuni
1228 1667 1434 1735 predicabatur
1445 1686 1510 1726 cum
1536 1674 1621 1728 modo
1645 1674 1753 1746 aliquid
1770 1675 1832 1731 lieri

115 1756 485 1830 quequaennllambalient
497 1755 702 1824 differentiam,
718 1770 755 1809 avi
779 1752 812 1807 ud
828 1749 955 1814 modum,
972 1771 996 1837 Β
1010 1749 1089 1816 apiae
1102 1754 1278 1821 propositum
1292 1759 1416 1825 est,ntsi
1430 1761 1580 1830 quisdicat
1606 1763 1750 1819 Socratem
1767 1780 1833 1834 pus·

116 1847 207 1903 anad
221 1845 340 1902 verbnm
355 1847 467 1916 negatio
477 1853 610 1916 ponatur,
621 1843 810 1901 custodiendo
822 1848 864 1897 εει
891 1839 957 1894 ιειὶε
1012 1838 1167 1898 ειιιίΙεεεεε
1178 1843 1336 1910 ambulare,
1348 1848 1581 1920 positusqcidem
1594 1853 1697 1908 modus
1720 1862 1773 1920 est,
1788 1869 1834 1909 res

115 1937 274 2008 oppositio
290 1952 352 2006 quar
363 1937 429 1991 haio
440 1935 544 2006 speciei
557 1935 783 2006 propositionum
795 1929 957 1997 conveniat,
1012 1944 1078 1984 vero
1093 1939 1158 1986 actu
1174 1933 1328 1991 constituta
1345 1953 1401 1992 nori
1418 1948 1473 1995 est.
1488 1939 1550 1996 Non
1567 1942 1644 1997 enim
1660 1942 1768 1998 dictum
1791 1949 1835 1998 cst
1935 1964 1943 1973 ·

119 2042 268 2097 quoscum
277 2020 958 2096 modoprolernntur.utinbacpropositionequas
1011 2019 1146 2087 quonlam
1162 2022 1302 2090 ambulat,
1319 2026 1368 2080 sed
1385 2028 1522 2098 quoniam
1539 2046 1603 2087 eum
1632 2031 1765 2101 possibile
1793 2037 1835 2087 ast

116 2115 350 2178 dicit.Socratcs
361 2115 498 2170 velociter
510 2113 647 2180 ambulat,
664 2113 722 2168 slve
732 2111 795 2182 quis
808 2110 846 2165 ita
864 2114 955 2177 neget.
1010 2106 1167 2165 ambulare.
1180 2114 1333 2184 Hancergo
1348 2116 1564 2185 possibilitatem
1577 2120 1650 2176 tollit
1674 2122 1788 2190 negatio
1803 2120 1835 2177 in

113 2208 262 2262 Socrates
276 2203 412 2261 velociter
428 2219 484 2259 non
500 2203 637 2272 ambulat,
652 2202 687 2257 ad
705 2199 820 2257 verbum
847 2211 956 2269 ponens
1011 2199 1278 2272 propositionesque
1302 2205 1381 2274 dicit,
1404 2207 1547 2263 Socratem
1566 2225 1621 2265 nori
1639 2208 1774 2280 possibile
1788 2213 1832 2267 eet
1914 2213 1917 2217 ’

116 2295 325 2368 negationem,
342 2296 400 2350 sire
410 2294 462 2360 sic,
480 2293 610 2349 Socrates
634 2307 692 2348 non
705 2289 841 2346 velociter
855 2287 954 2342 ambu-
1010 2287 1579 2366 ambulare.Sedineadampropcsitione
1602 2314 1645 2353 res
1667 2301 1701 2354 de
1716 2315 1769 2371 qua
1784 2299 1830 2354 di·

115 2384 270 2452 lat‚molo
281 2384 440 2452 negativam
454 2373 956 2454 particulamjuncsiispropeslmile
1010 2373 1125 2432 cebstur
1140 2381 1242 2435 modus
1255 2379 1366 2438 illenon
1380 2396 1525 2453 permanet
1537 2407 1544 2455 ;
1558 2387 1714 2444 hocautem
1725 2388 1831 2445 idcirco

111 2490 189 2531 esse
201 2473 468 2542 videbitur3dividit
484 2473 634 2528 enimcum
653 2470 844 2526 affirmatione
855 2469 954 2524 verita-
1010 2465 1482 2534 crenit‚quiancciuaffirmatione
1493 2476 1606 2546 quidem
1619 2478 1709 2549 posita
1730 2486 1771 2532 est
1788 2493 1833 2534 res

111 2570 182 2621 tem
195 2562 410 2634 falsitatemque
422 2570 540 2630 utroque
550 2562 635 2616 modo
647 2565 743 2631 aptata
758 2559 881 2629 negatio.
899 2557 954 2612 Sed
1010 2553 1044 2608 de
1054 2569 1108 2622 qua
1118 2559 1287 2626 predicatus
1299 2569 1339 2615 est
1352 2564 1462 2619 modus.
1476 2567 1637 2636 ltquaideo
1649 2583 1733 2623 nuria
1749 2584 1834 2637 noga·

110 2654 266 2724 quoniam
280 2658 347 2708 sunt
365 2654 461 2722 pluras
478 2651 553 2706 modi
571 2651 599 2706 in
617 2649 720 2720 quibus
735 2648 759 2703 si
774 2650 809 2703 ad
838 2645 954 2702 verbum
1010 2642 1087 2700 lione
1102 2655 1247 2718 perempta
1261 2658 1302 2704 est
1316 2667 1370 2717 res,
1386 2653 1491 2723 quippe
1507 2670 1592 2725 quam
1616 2657 1729 2727 negatio
1758 2656 1835 2728 posi·

112 2743 265 2815 juncatur
278 2741 417 2811 particula
432 2740 636 2810 negativamon
647 2748 687 2794 est
699 2737 812 2801 occatio
824 2738 955 2806 superius
1010 2736 1067 2786 tam
1077 2732 1199 2805 invenit,
1212 2738 1259 2792 sed
1272 2743 1382 2794 tantum
1399 2743 1526 2807 modum,
1538 2744 1586 2813 qui
1597 2745 1683 2798 etiam
1703 2745 1740 2800 ab
1754 2746 1831 2799 aillr·

114 2832 279 2888 enuntiato
289 2829 497 2886 affirmationis.
511 2828 620 2884 idcirco
631 2827 770 2882 servanda
781 2829 823 2881 εει
835 2825 864 2880 in
887 2841 954 2881 oui-
1009 2821 1135 2878 mationa
1145 2827 1577 2899 constitutusestblaqiiaautcm
1587 2833 1831 2888 distantiaestun·

115 2922 214 2978 nibus
225 2925 385 2976 secundum
396 2919 512 2974 modum
526 2915 767 2989 propositionibus
777 2916 830 2971 ista
838 2930 955 2987 propor·
1009 2911 1167 2966 admodum
1181 2914 1294 2983 negatio
1306 2925 1437 2987 ponatur,
1454 2935 1489 2974 aii
1513 2921 1547 2975 ad
1575 2921 1703 2977 verbum.
1720 2921 1791 2978 Nam
1807 2919 1832 2976 sl

120 3010 177 3079 tiu,
191 3013 224 3064 ει
236 3025 293 3064 εεο
304 3009 462 3079 eodemque
478 3009 562 3062 modo
578 3012 747 3061 cunctarum
763 3005 822 3060 lieri
836 3004 954 3075 opposi·
1009 2999 1044 3053 sd
1061 3000 1177 3056 verbum
1196 3012 1326 3073 ponatur,
1344 3008 1526 3075 praedicatum
1542 3026 1558 3064 a
1573 3010 1700 3080 subiecto
1719 3011 1832 3079 disiun-

121 3099 224 3155 tiones
237 3097 451 3166 dicantur,utin
466 3095 523 3150 illis
535 3094 647 3166 quidem
674 3093 785 3164 negatio
809 3109 871 3162 quac
887 3093 953 3146 sim·
970 3137 992 3204 c
1011 3085 1096 3158 gitur,
1110 3092 1340 3157 utest‚Sccratos
1363 3110 1421 3152 nou
1445 3098 1581 3154 ambalat,
1605 3099 1678 3156 Nam
1692 3100 1832 3171 ambulat,

121 3183 848 3259 plicessunl,remncqct.lnhisautemquaecum
872 3181 956 3236 modo
1011 3178 1658 3257 quodestpradicatamasubjectoquodcst
1688 3190 1833 3256 Socrates,

121 3284 207 3344 sunt,
225 3275 452 3344 ncdcmnagaa
470 3280 497 3328 ut
528 3275 556 3328 in
586 3289 619 3327 co
644 3271 717 3344 qnod
748 3278 799 3338 εει,
826 3271 957 3326 Socrates
1011 3267 1249 3327 divisumestSin
1261 3275 1366 3328 veroid
1380 3278 1630 3346 modumponatur
1647 3292 1716 3344 non,
1732 3277 1832 3348 praedt.

122 3365 268 3435 ambulat,
281 3381 339 3420 rcm
355 3366 454 3434 ipsam,
468 3363 495 3417 id
508 3370 546 3417 est
557 3360 697 3427 ambulat,
714 3367 806 3431 neget,
832 3361 866 3414 ad
884 3365 957 3415 inat·
1012 3360 1500 3429 calamasubjectodividitur.Seda
1512 3367 1714 3436 praedications
1737 3367 1833 3438 potius

123 3472 185 3529 que
196 3454 353 3526 propositio
366 3455 476 3516 dicens,
487 3452 621 3508 Socrates
632 3466 690 3506 non
711 3447 848 3504 ambulat.
865 3450 897 3504 lii
913 3447 958 3504 liis
1012 3446 1184 3518 disjuuultur
1194 3451 1304 3518 modus,
1318 3453 1388 3508 utin
1399 3470 1432 3511 eo
1455 3456 1528 3525 quod
1554 3464 1605 3525 est,
1627 3461 1757 3513 Socrates
1773 3474 1831 3514 non

125 3554 224 3602 autem
239 3559 374 3615 quacum
388 3542 470 3598 modo
481 3549 621 3610 sunt,rsm
634 3539 749 3611 quidem
762 3553 826 3594 esse
837 3553 958 3593 cousen-
1013 3535 1289 3607 velociterambulat,
1305 3556 1361 3597 nori
1372 3543 1595 3600 ambulationem
1609 3545 1753 3602 aSooraie
1768 3561 1831 3615 pro·

127 3636 190 3700 tici,
202 3635 320 3690 modam
334 3642 426 3700 aegei,
440 3639 469 3686 ει
480 3632 510 3688 ln
522 3646 554 3686 ea
574 3627 765 3700 propositione
788 3642 849 3697 qua
875 3626 955 3695 dicit,
1012 3625 1113 3693 positio
1130 3628 1180 3682 ista
1195 3628 1341 3700 disiungit,
1357 3633 1406 3687 scd
1433 3633 1609 3691 velocitatem
1638 3637 1674 3692 ab
1702 3635 1832 3691 ambula-

129 3725 263 3782 Socrates
274 3723 409 3780 velociter
430 3721 557 3785 anibula,
581 3719 693 3791 negatio
717 3719 804 3786 dicat,
826 3718 957 3774 Socrates
1012 3712 1511 3791 lione,idestmodumapraedicato,
1532 3732 1559 3779 et
1581 3723 1634 3779 lios
1657 3725 1686 3779 in
1704 3724 1747 3781 bis
1763 3724 1831 3781 laci·

128 3830 188 3872 non
200 3812 335 3870 velociter
347 3810 518 3880 ambulat,ut
534 3811 594 3866 sive
605 3808 743 3873 ambulet,
756 3809 814 3864 sive
825 3823 882 3863 uon
894 3823 955 3862 am·
1011 3801 1068 3858 lius
1077 3803 1294 3879 evidentiusque
1305 3819 1614 3882 apparct‚quaecuaqnc
1628 3813 1665 3869 lta
1677 3814 1833 3884 pradican.

132 3900 780 3969 bulet,nullasitdiliercntia.Modumautcm‚
806 3897 832 3952 id
854 3904 956 3952 estve·
1013 3899 1102 3958 tur‚ut
1116 3902 1143 3949 et
1157 3894 1218 3949 lieri
1233 3906 1259 3952 et
1275 3913 1332 3953 non
1349 3897 1409 3953 lieri
1438 3916 1520 3970 posse
1549 3901 1691 3958 dicantur.
1714 3904 1834 3972 Oportet

132 3991 595 4060 locitarambulandl‚perimatex
612 3988 730 4044 adverso
752 3986 893 4043 constitua
908 4001 960 4042 ne·
1010 3983 1183 4053 cutemquid
1194 3985 1229 4039 sit
1238 3986 1383 4056 possibile,
1404 3990 1469 4059 quid
1492 3992 1693 4057 necessarlum,
1716 3992 1783 4061 quid
1799 3993 1829 4047 iu

132 4084 217 4154 patio,
232 4097 396 4152 quanquam
411 4080 506 4136 bucin
522 4077 695 4150 quibusdam
712 4092 770 4133 non
788 4075 839 4144 lit;
870 4075 959 4133 simul
1011 4086 1073 4127 esse
1086 4073 1222 4143 diffinire,
1238 4090 1392 4147 eorumque
1418 4079 1643 4147 significationes
1668 4082 1827 4148 ostendere,

133 4173 286 4228 enimcum
299 4173 382 4225 modo
392 4170 488 4240 ipsoet
509 4184 567 4224 reni
594 4166 695 4237 perimi
720 4181 835 4222 necesse
860 4172 911 4235 est,
928 4172 957 4220 ut
1011 4165 1084 4230 quod
1097 4163 1178 4219 nobis
1188 4164 1223 4218 ad
1236 4164 1319 4235 bajus
1331 4164 1384 4222 loci
1396 4166 1579 4222 subtilitatem
1591 4167 1723 4237 proderit,
1740 4183 1827 4236 quem

133 4262 161 4316 iu
172 4278 204 4318 eo
218 4262 293 4332 qnod
307 4266 360 4324 est,
372 4259 504 4314 Socrates
529 4264 618 4327 potest
642 4254 797 4322 ambulare,
827 4253 956 4311 Socrates
1010 4256 1177 4321 tractamus,
1190 4261 1215 4309 et
1227 4257 1372 4327 superiora
1382 4271 1559 4326 quaecunque
1583 4259 1618 4313 de
1637 4257 1829 4326 contingenti·

133 4367 188 4407 non
204 4358 293 4420 potest
304 4348 464 4415 ambulare,
486 4354 512 4404 et
538 4346 652 4401 modum
669 4353 696 4399 et
711 4359 772 4400 rem
790 4344 874 4399 modo
899 4342 956 4414 ipsi
1010 4340 1063 4395 bus
1076 4340 1151 4398 dicta
1166 4351 1244 4407 sunt,
1261 4345 1349 4411 magis
1372 4344 1533 4414 liquebunt,
1560 4352 1588 4401 et
1614 4345 1830 4416 analyticorum

133 4441 288 4510 conjuncta
301 4437 440 4509 particula
450 4435 612 4505 negationis
622 4432 772 4503 intercepit
784 4450 791 4499 ;
804 4433 851 4487 sed
864 4431 955 4487 hocin
1010 4438 1135 4486 mentem
1152 4430 1235 4486 nobis
1249 4432 1432 4502 apertissima
1447 4433 1512 4489 luce
1540 4434 1678 4508 vulgabit.
1708 4439 1833 4503 Quaiuor

136 4531 177 4585 liis
187 4529 351 4584 iereeveuil
363 4528 391 4582 iu
403 4524 572 4597 quibusnon
584 4523 643 4579 ticvi
656 4523 770 4589 quidem
789 4521 895 4592 aliquid
912 4521 954 4576 di·
971 4506 994 4571 D
1010 4519 1160 4573 ruodisuut
1170 4521 1415 4589 quosAristoteles
1426 4522 1455 4577 lii
1469 4522 1602 4580 boclibro
1628 4527 1663 4581 dc
1687 4528 1831 4597 Interpre-

133 4619 214 4681 cltur.
231 4623 257 4674 ει
269 4613 644 4687 actusipsiusnonaddiiur
663 4613 773 4680 modus,
795 4611 843 4666 sed
861 4611 956 4681 potius
1011 4608 1257 4679 tationsdisponit.
1269 4612 1324 4665 Aut
1339 4611 1417 4666 enim
1437 4610 1543 4682 aliquid
1569 4629 1633 4670 esse
1654 4614 1770 4685 dicitur,
1784 4621 1833 4670 εει

134 4706 257 4765 laelandi
270 4707 298 4762 in
312 4706 405 4762 tuturo
417 4705 527 4772 modus,
539 4711 568 4757 ut
592 4702 616 4757 si
636 4699 787 4772 quisdicat
810 4700 955 4756 Socratem
1010 4697 1181 4768 contingens
1195 4713 1270 4766 csse,
1280 4707 1330 4754 aut
1346 4700 1481 4769 possibile
1496 4717 1557 4757 esse
1571 4712 1618 4757 aut
1629 4719 1745 4759 necesse
1760 4718 1831 4762 esse.

132 4797 381 4866 ambulareposse.
395 4809 451 4850 non
474 4792 548 4864 qnod
569 4792 629 4862 jani
654 4791 792 4856 ambulet,
816 4791 864 4847 scd
881 4790 954 4858 quod

132 4904 194 4944 enm
208 4887 261 4943 scit
274 4884 421 4941 ambulare
433 4881 579 4954 possibile,
592 4879 638 4934 liic
649 4879 673 4933 si
691 4878 820 4949 possibili
844 4878 955 4950 negatio

132 4977 332 5048 conjungatur,
347 4976 431 5029 etiam
451 4988 509 5028 rem
527 4971 618 5040 ipsam
634 4967 732 5024 tulisse
756 4968 895 5023 videbitur
921 4970 955 5025 de

132 5068 240 5138 quaillii
249 5060 645 5136 possibilitaspraedicabatur.
654 5060 683 5113 Si
692 5059 754 5128 qais
767 5063 865 5112 autem
878 5057 956 5113 dicat

132 5157 266 5227 quoniam
279 5154 408 5209 Socrates
420 5150 552 5204 volociter
562 5147 703 5212 ambulat,
717 5146 810 5202 lacere
820 5163 886 5202 eum
901 5148 954 5202 ali-

131 5247 193 5316 quid
206 5241 466 5312 vlicit,modu·uquc
476 5238 520 5293 illi
530 5238 604 5294 actui
613 5237 753 5304 iunaitut
767 5238 954 5303 quemadmo-

130 5335 197 5390 dum
210 5333 282 5390 illud
295 5330 387 5394 iaciat,
400 5331 473 5401 quoil
487 5329 578 5383 lacera
587 5326 668 5391 dicit,
679 5325 797 5394 quilibet
809 5337 953 5396 agnoscar,

131 5424 158 5480 in
168 5425 214 5479 liis
223 5438 269 5477 res
280 5421 396 5491 quidem
408 5422 566 5488 perinanct,
581 5417 683 5470 moilus
691 5421 785 5469 autem
796 5415 953 5484 subruitur,

130 5509 487 5583 ctsopradictoinest.An
500 5512 577 5563 carte
597 5503 667 5560 illud
687 5504 776 5565 maala
793 5503 891 5560 serius
913 5512 954 5560 est

132 5599 383 5672 dicendumquod
412 5613 524 5670 semper
550 5595 716 5668 hujusmodi
744 5596 955 5668 propositiones

1010 4786 1137 4850 Quorum
1151 4786 1327 4849 continueris
1342 4805 1405 4845 essc
1419 4798 1446 4845 st
1462 4791 1600 4860 possibile
1615 4808 1677 4848 esse
1692 4792 1768 4849 iilsui
1791 4792 1833 4847 si·

1010 4876 1137 4946 guillart,
1154 4879 1377 4949 necquidquam
1398 4879 1537 4950 discrepat
1552 4881 1657 4947 dicere,
1675 4898 1756 4953 posse
1771 4897 1834 4938 cras

1009 4981 1071 5022 esse
1092 4966 1244 5022 circenses.
1263 4967 1295 5022 lit
1319 4983 1416 5023 rursus
1438 4970 1605 5042 contingere
1620 4987 1682 5026 cras
1701 4987 1762 5026 esse
1776 4969 1833 5026 cir·

1010 5071 1121 5124 censes,
1135 5057 1190 5112 nisi
1208 5058 1260 5112 boc
1277 5065 1399 5117 tantum.
1412 5059 1486 5128 quod
1505 5059 1639 5127 possibile
1654 5062 1768 5130 quidem
1783 5074 1832 5128 po·

1010 5153 1062 5203 lest
1090 5146 1248 5218 privatione
1272 5146 1404 5213 subduci,
1430 5149 1600 5213 convincens
1630 5165 1694 5204 vero
1712 5149 1830 5205 claime.

1009 5237 1110 5288 contra
1124 5234 1202 5288 enirn
1220 5233 1246 5286 iil
1259 5233 1334 5303 quod
1352 5233 1457 5289 dicitur
1473 5234 1610 5303 possibile
1626 5251 1697 5300 esse,
1710 5248 1735 5290 ει
1749 5250 1834 5302 nega·

1010 5322 1048 5378 tio
1060 5321 1256 5389 possibilitatis
1271 5322 1565 5393 inlerturaliquoties,
1576 5334 1602 5379 ut
1617 5333 1659 5379 εει
1675 5341 1733 5379 ιιεε
1746 5323 1832 5393 possi·

1011 5410 1114 5467 bileost
1127 5416 1231 5475 essaei
1244 5411 1372 5480 privatio,
1386 5420 1413 5467 ut
1425 5421 1465 5467 cst
1476 5413 1653 5481 impossibile
1664 5428 1736 5468 csse.
1748 5411 1833 5465 Nam·

1009 5518 1063 5572 que
1077 5501 1152 5569 quod
1168 5498 1292 5555 dicimus
1306 5501 1452 5571 impossile
1469 5518 1540 5569 esse,
1554 5502 1672 5570 privatio
1687 5497 1831 5570 possibili-

1010 5585 1831 5662 tatiscst;incontingentiantemquamquamiilcmsigui·
