3892 6126
403 277 647 336 trt'rttouucrto
665 278 714 332 ΔΙ)
732 277 979 337 sumeremus
995 279 1256 338 cersccutcoe.
1630 279 1686 337 790

93 402 371 478 llusiguornt.ltem
381 401 534 460 sisitlalsu
544 400 803 459 universalisslfir·
817 405 845 472 Α
860 404 976 458 minum
988 405 1094 459 nature
1104 406 1322 474 sejunctusunt,
1338 409 1370 462 ut
1383 421 1489 477 equus,
1500 404 1586 460 arbor
1596 409 1684 477 atquo

93 511 105 550 n
119 493 306 566 simplicibus
314 491 449 548 terminis
461 490 632 559 constituta,
646 489 719 547 laisa
731 507 803 564 quo·
858 491 915 548 alia
931 491 1069 565 plurima.
1084 493 1113 548 Si
1129 493 1220 565 igitur
1234 494 1350 568 negotio
1367 492 1543 551 universalis
1558 510 1610 567 per
1631 512 1683 569 op·

93 600 114 639 rs
132 600 183 656 per
200 582 416 656 oppositionem
427 580 672 654 probabituresse
682 596 803 637 conver·
859 581 1037 652 positionem
1055 583 1178 655 propris
1190 584 1372 640 conversioni
1387 584 1416 640 in
1429 583 1555 640 talsitute
1568 586 1684 657 quidem

93 688 122 729 m
139 687 206 727 cum
217 671 355 738 dicimus,
368 671 465 726 omnis
477 669 552 739 lapis
562 668 673 724 animsl
683 673 737 736 est,
751 667 803 723 lal-
860 670 1005 737 convenit,
1018 688 1070 729 nco
1081 678 1178 728 tamen
1190 677 1218 728 in
1231 673 1352 728 veritate
1364 675 1521 740 consentit,
1534 680 1610 730 recte
1621 691 1683 745 pro·

94 768 182 834 utque
199 760 242 816 illi
259 777 312 833 per
327 759 542 831 oppositionem
567 757 755 824 convertitur,
772 756 801 814 id
859 759 1015 816 nuntietur
1030 761 1250 818 conversionem
1268 769 1438 833 perpetuam
1450 769 1537 834 atque
1552 763 1682 834 equabi-

93 867 126 907 ue
138 866 195 906 non
208 848 318 905 animal
330 865 387 904 non
400 846 476 920 lapis
486 855 612 915 est,esm
624 844 802 919 quoqueiel·
858 850 915 905 lem
932 867 989 906 non
1007 848 1123 905 habere.
1141 851 1248 906 Eadem
1264 867 1381 924 quoque
1396 851 1471 908 ratio
1486 857 1532 907 est
1546 851 1576 908 in
1601 851 1680 907 altir-

93 956 117 996 rc
132 954 254 996 necesse
269 943 324 994 est.
339 938 368 993 ld
385 937 463 993 enim
479 952 514 991 ex
529 935 581 992 tuli
601 935 801 992 enuntiatione
858 940 986 996 motione
1001 939 1128 1013 simplici
1147 941 1329 1013 particulari.
1356 942 1429 998 Nam
1453 943 1482 998 in
1494 942 1549 998 hoc
1565 958 1680 1015 quoque
1701 942 1704 947 ’

93 1045 110 1099 .·,
128 1026 267 1100 quonism
285 1025 430 1098 quidquid
447 1024 555 1081 unimsl
581 1042 637 1080 non
656 1024 754 1094 luerit,
770 1024 799 1079 id
856 1045 932 1102 sepe
947 1045 1028 1085 error
1040 1029 1278 1100 deprehenditur,
1296 1036 1329 1086 ut
1343 1036 1429 1087 certe
1445 1030 1678 1103 propositionum

93 1133 121 1175 >n
137 1121 192 1184 cst,
209 1117 286 1188 quod
304 1114 491 1188 apertissime
503 1114 673 1180 salsumest,
685 1130 750 1170 cum
762 1112 801 1168 lu·
855 1118 1059 1174 conversiones
1075 1123 1225 1191 putentur,
1241 1120 1265 1175 si
1297 1120 1363 1191 quis
1389 1136 1446 1175 non
1476 1121 1510 1175 ad
1541 1119 1679 1176 talsitntis

93 1205 221 1263 ranimal
238 1205 364 1262 nonsit:
381 1203 498 1276 quodsi
521 1202 696 1259 universalis
720 1202 799 1258 atfir·
855 1223 983 1280 quoque,
999 1208 1049 1263 sed
1066 1209 1102 1263 ad
1115 1206 1208 1264 solarn
1218 1209 1451 1267 convenientiam
1459 1208 1590 1265 veritalis
1602 1208 1680 1283 sspi-

93 1295 284 1354 tcrminorum
308 1293 525 1366 oppositionem
557 1308 700 1350 conserva
725 1290 799 1348 sibi·
855 1296 923 1353 ciut.
940 1295 1012 1353 Num
1026 1312 1093 1353 cum
1108 1297 1265 1355 affirmatio
1276 1297 1400 1370 simplex
1409 1297 1596 1370 particularis
1611 1313 1678 1354 vera

93 1383 214 1441 veritate
230 1382 365 1440 convenit
379 1386 408 1438 et
423 1382 452 1437 in
470 1381 609 1450 falsitate,
621 1397 678 1438 non
689 1385 735 1437 est
745 1380 798 1437 du·
854 1385 903 1454 sit,
920 1391 952 1442 ut
966 1390 1011 1443 est
1026 1386 1146 1458 quidum
1159 1386 1246 1443 homo
1264 1387 1374 1443 animal
1389 1391 1444 1456 est,
1460 1387 1486 1443 si
1512 1387 1602 1459 hujus
1617 1391 1680 1443 ter·

93 1473 133 1529 rln
144 1472 320 1530 universalis
336 1470 455 1544 simplex
471 1470 625 1527 alllrmstio
638 1468 737 1526 stabili
749 1485 799 1542 por
855 1474 927 1531 mini
944 1491 1011 1531 cum
1027 1475 1212 1548 oppositione
1224 1480 1441 1547 convertantur,
1456 1476 1564 1548 datque
1575 1491 1680 1548 propo·

93 1563 181 1619 teneor
190 1561 379 1618 conversione
389 1563 574 1616 monstretur·
586 1559 666 1616 ldem
677 1561 714 1615 dc
724 1558 798 1615 sim·
853 1563 932 1632 sitio,
947 1564 1095 1636 quoddam
1107 1581 1165 1620 non
1177 1564 1285 1622 animal
1298 1583 1355 1621 non
1368 1565 1455 1621 homo
1466 1570 1520 1634 est,
1532 1565 1678 1621 sveritats

93 1667 134 1708 am
147 1648 483 1724 particularinegatione
495 1649 639 1705 dicemus.
650 1646 723 1703 Num
735 1662 799 1703 cum
853 1670 911 1709 uon
921 1653 1079 1726 discrepat.
1097 1654 1171 1721 Quid
1182 1654 1260 1710 enim
1272 1653 1351 1710 allud
1365 1654 1529 1711 enuntiatio
1550 1653 1608 1710 ists
1627 1654 1678 1709 de·

93 1757 116 1797 ra
131 1746 187 1808 est,
200 1745 233 1796 ut
243 1756 278 1795 es
288 1739 445 1811 quaedicit,
459 1736 675 1810 quidumhomo
686 1734 797 1792 animal
812 1781 837 1848 B
853 1741 951 1814 signet
962 1757 1051 1814 quam
1063 1743 1333 1816 esseromaliqusm
1346 1759 1485 1817 quaecurn
1496 1741 1606 1797 animal
1620 1758 1677 1798 non

93 1829 153 1886 ,illa
163 1844 280 1902 quoque
289 1826 449 1884 salsitatem
461 1824 733 1899 tenebit,quaehuic
743 1830 798 1880 ter·
852 1830 901 1898 sit,
916 1846 950 1886 ne
964 1830 1052 1886 homo
1064 1830 1181 1904 quidem
1194 1831 1244 1900 sit,
1256 1836 1289 1887 ut
1303 1831 1379 1904 lapis
1397 1831 1486 1886 simul
1499 1836 1527 1887 et
1538 1829 1677 1887 animalis

93 1934 118 1974 m
129 1917 314 1991 oppositione
329 1914 519 1986 convertitur,
529 1919 561 1970 ut
571 1931 605 1970 ea
617 1931 681 1988 que
692 1930 799 1987 propo·
851 1923 879 1976 et
891 1919 1419 1977 hominisnatursdeliciet.Sedhioin
1429 1921 1677 1977 veritateconsen-

93 2008 192 2064 rddem
214 2024 271 2063 uon
297 2005 406 2062 animal
431 2021 488 2061 non
512 2005 600 2061 homo
618 2008 745 2061 nonest.
769 2005 798 2059 ld
851 2010 950 2065 susad
963 2008 1119 2065 salsitatem
1133 2010 1407 2081 usqusnontendit.
1420 2007 1583 2074 Quidenim
1603 2009 1676 2066 sisit

93 2115 103 2154 r
121 2096 176 2154 hac
196 2096 401 2152 enuntiatione
417 2094 575 2167 colligitur,
587 2094 664 2166 quod
678 2110 722 2150 res
735 2109 799 2166 que
852 2096 926 2154 lalss
936 2097 1061 2172 simplex
1071 2099 1227 2154 sliirmstio
1238 2098 1436 2170 particularis,
1446 2101 1478 2153 nt
1488 2107 1541 2165 est,
1553 2098 1675 2170 quidam

93 2186 248 2258 inimal,sit
257 2186 356 2242 hemo.
368 2186 483 2242 Etenim
498 2185 553 2241 hoc
564 2183 798 2255 essehominem,
850 2189 940 2248 homo
952 2190 1027 2264 iupis
1037 2191 1106 2247 est‘l
1117 2191 1237 2247 nouerit
1247 2192 1310 2262 ejus
1319 2189 1589 2262 peroppositionem
1602 2188 1676 2245 lslsu

93 2293 121 2334 ru
135 2292 200 2334 esse
221 2293 279 2332 non
296 2275 459 2332 hominem.
470 2276 508 2331 nt
518 2274 543 2330 si
555 2290 623 2331 vers
634 2273 673 2330 sit
683 2274 798 2347 negatio
850 2281 1013 2349 conversio,
1024 2281 1146 2354 quidam
1165 2296 1223 2336 non
1234 2279 1310 2352 lapis
1329 2294 1387 2335 nou
1406 2279 1495 2334 homo
1505 2280 1573 2335 esti
1589 2278 1675 2350 Atqui

96 2365 155 2423 ⁸15⁸
174 2382 208 2422 0¹
231 2364 416 2438 SlmP¹l⁰lb⁰⁸
428 2361 563 2420 l⁰lffll¹¹i⁸
575 2363 689 2434 iuncta,
704 2371 734 2419 ttt
753 2367 799 2419 est
851 2368 912 2424 huc
924 2369 1010 2425 tirmu
1019 2369 1141 2426 veritate
1151 2368 1335 2437 consistit,id
1347 2368 1425 2424 enim
1438 2384 1472 2423 ex
1481 2367 1535 2422 hac
1546 2367 1676 2440 proposi·

109 2455 185 2528 ltplfl
213 2454 323 2511 tnlmtl
341 2457 471 2519 nonest,
492 2469 549 2508 non
574 2451 667 2508 deerit
691 2451 798 2509 veritus
849 2457 929 2515 tione
945 2457 1306 2532 dsturintelligiquodsit
1322 2457 1442 2530 quidum
1454 2459 1532 2530 quod
1552 2457 1674 2514 cumla-

95 2544 242 2602 miuorum
258 2543 444 2617 oppositione
455 2558 601 2599 converse
615 2558 680 2614 quae
697 2557 798 2613 propo·
849 2548 895 2620 pis
905 2564 964 2603 non
976 2547 1025 2616 sit,
1036 2563 1073 2603 ne
1083 2547 1299 2620 homoquidem
1313 2548 1363 2614 sit,
1376 2553 1407 2603 ut
1417 2564 1512 2620 equus
1523 2551 1613 2619 atque
1624 2563 1673 2602 ar·

93 2635 186 2691 ddum
200 2651 258 2690 uon
275 2632 386 2690 cuimul
403 2649 461 2688 nou
478 2632 607 2704 lapidem
637 2647 695 2686 non
720 2645 796 2686 0³⁸0·
849 2636 912 2702 bor,
924 2653 988 2709 quc
999 2636 1245 2709 nequehomtnis,
1256 2653 1351 2708 neque
1369 2635 1478 2709 lapidis
1495 2636 1673 2691 diffinitione

92 2743 98 2779 ι
117 2724 268 2781 conversio
283 2723 323 2777 its
334 2722 494 2794 significat,
511 2721 588 2793 quod
606 2736 651 2776 ros
666 2719 798 2792 quedem
848 2724 1128 2789 clauduntur.0uod
1136 2728 1160 2782 si
1168 2724 1353 2797 particularis
1368 2725 1612 2795 slllrnratio,dum
1621 2740 1672 2796 per

93 2815 161 2871 imai
180 2815 291 2868 nonsit
307 2810 382 2884 lapis
403 2812 453 2877 sit,
469 2810 524 2865 hoc
552 2813 597 2867 cst
624 2812 702 2865 enim
732 2824 797 2864 esse
848 2814 1063 2887 oppositionem
1081 2815 1270 2881 convertitur,
1284 2815 1446 2870 inveritate
1461 2814 1579 2885 quidem
1594 2819 1672 2870 tenet

92 2922 100 2960 ι
116 2903 193 2975 qnod
210 2919 268 2957 nen
284 2917 349 2957 esse
365 2917 421 2955 non
437 2899 582 2971 lapidem:
598 2899 676 2970 quod
692 2897 718 2954 si
733 2914 797 2970 pcr-
847 2902 1052 2976 secumipssm
1060 2901 1431 2974 concordiam‚intclsitote
1442 2911 1540 2958 cutem
1550 2901 1670 2958 sibimet

93 3009 104 3048 s
119 2990 244 3064 simplex
260 2990 376 3063 negotio
392 3005 443 3061 per
457 2988 656 3059 oppositiones
672 2987 795 3059 propris
846 2991 1066 3064 ipsadisseutit‚
1077 2998 1189 3048 rectum
1200 2997 1243 3047 est
1254 2991 1445 3065 pronuntiare
1460 2991 1538 3063 quod
1551 2990 1668 3046 termini

95 3081 154 3136 iuni
171 3085 200 3136 et
214 3081 244 3136 ln
259 3077 390 3134 veritatis
406 3080 434 3134 et
450 3078 478 3132 in
496 3076 635 3133 falsitatis
650 3076 795 3149 signitica-
846 3081 1003 3153 negatione
1010 3079 1513 3153 conjunctaconversionemfirmam
1525 3078 1673 3136 stabilem·

94 3170 246 3236 occordst,
275 3183 333 3223 non
360 3170 404 3223 est
428 3165 552 3222 dubium
583 3145 906 3241 particularemcquc
917 3173 1114 3226 conteneant.
1125 3171 1294 3236 Quarecurn
1306 3169 1336 3224 in
1347 3167 1543 3240 simplicibus,
1556 3185 1588 3226 sc
1599 3185 1674 3241 prrs-

93 3274 132 3315 tm
150 3257 335 3330 negationem
350 3261 428 3312 certo
445 3255 499 3311 sibi
524 3271 557 3311 sc
581 3254 680 3312 stabili
704 3257 792 3312 modo
846 3262 892 3315 ter
907 3257 1122 3330 oppositionem
1138 3257 1390 3324 conversionibus,
1408 3257 1584 3315 universalis
1608 3258 1672 3329 qul·

93 3348 246 3404 ositionem
274 3346 467 3401 terminorum
494 3360 579 3416 posse
603 3344 743 3401 converti.
758 3345 791 3402 ln
848 3347 916 3404 dem
927 3348 1045 3420 negatio
1055 3347 1299 3419 particularisque
1310 3348 1468 3404 siilrmatio
1484 3353 1629 3420 perpetua
1640 3349 1676 3404 fl-

93 3454 122 3494 no
137 3454 203 3492 vero
221 3433 380 3491 universali
397 3451 454 3489 non
470 3438 515 3488 est
530 3438 671 3506 perpetua
696 3451 791 3507 neque
847 3436 1142 3508 dsqueterminornm
1153 3436 1671 3509 permutationevertentureitirms·
1738 3436 1741 3441 ‘

95 3527 201 3585 versio.
218 3527 299 3591 Quod
318 3525 436 3597 quidem
451 3522 676 3596 inllsrepoterit,
688 3525 712 3580 si
723 3525 791 3597 quis
847 3526 937 3581 matio
950 3541 1017 3582 vero
1032 3526 1207 3582 universalis
1224 3525 1469 3599 particularisque
1485 3526 1600 3599 negatio
1615 3525 1669 3583 mi·

93 3635 111 3672 n
128 3616 268 3688 respiciet
292 3613 525 3670 convenientium
550 3611 698 3669 talsitatis.
716 3613 789 3670 Nam
846 3614 937 3678 nime,
952 3615 1023 3671 dum
1041 3632 1092 3688 per
1106 3616 1299 3671 terminorum
1314 3615 1529 3688 oppositionem
1545 3613 1670 3687 simplex

103 3704 177 3761 islsn
189 3703 315 3776 simplex
330 3701 505 3758 universalis
521 3702 636 3773 negatio
647 3718 712 3774 qus
724 3719 791 3775 pro·
845 3703 1006 3776 propositio
1019 3703 1076 3760 sibi
1092 3705 1156 3776 ipsa
1176 3705 1366 3774 convertitur,
1383 3704 1493 3770 omnia,
1510 3707 1544 3758 ut
1556 3703 1668 3758 dictum

93 3794 176 3850 rllum
194 3792 345 3849 hominem
361 3807 426 3847 esse
442 3790 563 3856 animsl,
580 3789 652 3845 sulse
667 3795 711 3847 est
726 3808 791 3864 que
844 3798 899 3860 cst,
916 3793 1041 3849 adverso
1056 3792 1167 3849 ratione
1189 3793 1374 3865 contingunt,
1392 3791 1570 3849 universatis
1584 3808 1668 3849 num·

93 3883 280 3957 opositionem
293 3879 484 3946 convertitur,
497 3883 590 3946 utcst,
602 3878 718 3936 nullum
732 3897 789 3936 non
843 3897 900 3953 que
911 3881 1296 3954 alllrmstioetpartlculsris
1306 3881 1543 3954 negetiollrmam
1552 3885 1669 3954 negata·

93 3990 144 4029 non
157 3972 245 4027 homo
258 3974 312 4027 est.
326 3969 357 4023 ld
373 3969 451 4025 enim
469 3984 504 4024 ex
516 3967 577 4023 hec
591 3969 789 4041 propositione
843 3986 908 4025 rum
921 3971 1049 4042 partium
1059 3971 1183 4027 retinent
1194 3971 1424 4028 conversionem.
1434 3970 1609 4029 Universslis
1619 3987 1669 4026 su·

93 4069 156 4132 tur,
174 4061 314 4133 qnoniam
331 4075 417 4115 omne
432 4057 509 4129 quod
527 4057 637 4113 animul
654 4074 711 4113 uon
732 4063 788 4128 est,
841 4064 901 4115 tern
918 4060 1034 4132 negatio
1046 4060 1075 4116 in
1086 4059 1340 4130 falsitatequidern
1355 4066 1432 4116 recte
1448 4060 1505 4117 sibi
1521 4060 1586 4132 ipsa
1597 4077 1667 4116 eon·

93 4157 166 4215 rest,
199 4148 347 4205 hominem
377 4162 442 4202 esse
469 4144 628 4216 signillcut,
643 4146 788 4220 quidquid
841 4149 974 4204 vertitur.
991 4150 1024 4205 ln
1039 4149 1160 4205 veritate
1173 4154 1270 4204 autem
1283 4148 1338 4204 sibi
1352 4148 1583 4220 ipsadisoordat.
1596 4149 1667 4204 Por·

93 4256 146 4296 non
162 4239 212 4304 sit,
228 4254 290 4308 que
307 4236 455 4309 proponit,
466 4233 582 4291 nullum
591 4250 656 4292 esse
668 4253 725 4292 non
735 4235 786 4293 ho·
839 4237 977 4294 ticularis
991 4243 1087 4295 sutem
1108 4238 1264 4294 affirmatio
1276 4237 1304 4292 in
1328 4237 1448 4293 veritate
1463 4237 1582 4309 quidem
1608 4237 1665 4293 sibi

101 4329 151 4400 qui
168 4326 277 4384 animal
290 4324 465 4382 nonsitsed
477 4323 525 4379 hio
536 4325 565 4380 in
577 4324 704 4381 falsitate
714 4342 787 4382 con·
840 4327 983 4396 convenit,
1008 4327 1058 4384 sed
1078 4328 1107 4382 in
1138 4326 1265 4384 falsitate
1280 4325 1426 4383 dissentit.
1441 4325 1552 4381 Similis
1567 4330 1663 4382 sutem

93 4420 118 4475 ul
134 4418 288 4475 veritatem
306 4432 401 4488 usque
412 4431 468 4470 non
484 4414 625 4488 pervenit.
637 4416 785 4489 egoenim
838 4414 1048 4488 contemplstio
1063 4421 1108 4473 est
1122 4416 1152 4472 iu
1169 4415 1216 4472 his
1232 4432 1306 4487 que,
1323 4431 1463 4472 converso
1478 4414 1581 4470 ordine
1599 4418 1662 4472 ter-

95 4508 220 4581 simplex
236 4505 411 4563 universalis
428 4504 559 4577 negotio,
575 4503 676 4561 nullus
696 4505 785 4561 ltomo
801 4519 825 4584 ῃ
841 4505 1002 4571 minorum,
1014 4506 1169 4576 praedicato
1180 4509 1296 4560 tantum
1308 4503 1351 4561 vel
1363 4505 1495 4576 subjecto
1506 4502 1663 4576 sibicopu·

93 4614 169 4665 ,non
180 4613 249 4654 vers
265 4599 443 4667 potestesse,
456 4592 556 4650 nullus
568 4611 628 4650 non
639 4592 715 4667 lapis
727 4612 784 4651 non
841 4592 904 4650 lant
915 4593 1101 4665 negotionem
1115 4592 1161 4649 :ln
1173 4591 1291 4665 quibus,
1302 4592 1374 4650 utin
1385 4592 1662 4665 superioribusque·

95 4683 786 4758 .ldnamquedesignetistnconversio,quonism
840 4699 897 4755 que
913 4682 1046 4754 lecimus,
1059 4681 1292 4755 propositionum
1305 4685 1420 4738 tentum
1436 4681 1567 4738 ordinem
1593 4683 1661 4738 des·

93 4778 103 4833 i
120 4776 196 4850 lapis
212 4792 270 4831 non
288 4773 385 4840 luerit,
401 4772 429 4829 id
446 4773 533 4829 homo
548 4778 612 4842 est;
632 4773 780 4831 bominem
839 4772 999 4842 oribemus,
1016 4777 1043 4828 et
1056 4771 1127 4846 quid
1145 4771 1261 4828 eveniat
1279 4771 1334 4827 sub
1355 4770 1495 4827 brevitate
1516 4775 1660 4828 monstrt-

99 4882 164 4924 esse
179 4863 317 4936 designat
333 4863 411 4935 quod
429 4861 505 4935 lupis
522 4879 578 4919 non
597 4861 703 4935 sit,qui
715 4880 781 4935 pro·
837 4860 1658 4934 bimus,perquirsndaetqueexaminandesingulalecto·

93 4956 202 5012 nullum
219 4970 283 5010 esse
299 4969 355 5009 non
374 4951 524 5008 hominem
540 4954 618 5025 quod
634 4951 709 5024 lupis
722 4968 780 5009 non
836 4951 876 5008 ris
893 4951 1051 5024 diligentie
1070 4951 1319 5023 derelinquentes.
1331 4950 1489 5022 Descriptio
1504 4966 1572 5022 ergo
1588 4951 1657 5007 sim·

93 5041 782 5120 lapertissimeialsumest;qusmvisenimmul·
835 5038 1655 5113 plicibusexadversumne,quae,conversoordineprce-

93 5154 141 5193 um
152 5152 218 5208 que
226 5133 416 5206 cumlapides
430 5148 485 5188 non
497 5131 566 5203 sint,
574 5136 672 5188 tumen
684 5131 779 5188 abho·
834 5129 960 5186 dicatum
979 5145 1047 5185 cum
1068 5128 1221 5201 negatione
1240 5129 1443 5202 pronuntiant,
1459 5129 1656 5185 conteruntur.

284 5238 451 5311 Simplices.
1002 5234 1490 5308 Conversedeprudicstointinitc

93 5349 165 5406 unis
179 5347 267 5403 homo
278 5344 391 5401 animal
406 5350 461 5412 est,
939 5343 1034 5400 Omne
1049 5343 1159 5399 suimal
1175 5359 1233 5398 non
1246 5343 1334 5399 homo
1349 5349 1404 5400 est.

93 5437 165 5495 allus
181 5436 269 5492 homo
286 5432 396 5490 snimsl
412 5436 467 5489 est.
937 5430 1058 5488 Nullum
1070 5431 1182 5487 animal
1198 5447 1257 5487 nou
1273 5434 1358 5488 horno
1372 5437 1427 5489 est.

93 5526 185 5582 aldam
201 5524 291 5580 homo
306 5519 417 5578 snimsl
432 5525 487 5576 est.
937 5519 1088 5584 Ouoddam
1105 5519 1215 5576 animal
1231 5537 1289 5576 nou
1304 5520 1393 5576 homo
1407 5525 1461 5577 est.

92 5614 182 5672 udam
197 5613 286 5671 homo
301 5608 412 5668 animal
428 5625 487 5666 non
502 5614 559 5667 est.
924 5609 1088 5678 -ouoddsm
1103 5609 1215 5666 suimsl
1231 5625 1290 5666 nou
1305 5609 1393 5666 homo
1408 5626 1467 5667 noc
1481 5613 1537 5666 est.
