3892 6126
108 160 185 221 1387.

422 160 461 218 nt
479 160 612 220 LIBRUM
632 159 679 218 nli
698 159 836 218 DUABUS
856 158 1008 218 struitis
1028 156 1346 219 arnsteinensem
1365 160 1505 219 CHRISTI

1751 162 1815 219 5368

107 286 591 354 tumest,potestatem'sequautur.
622 291 706 349 Quam
737 290 819 354 bajus
847 290 936 340 nemi·
951 290 1154 360 Areltaatnm
1187 290 1375 349 subsistentes,
1391 290 1432 340 rel
1457 292 1565 339 tautum
1595 289 1818 353 eorporeaeditti·

108 365 248 427 nis,quod
277 368 318 413 est
347 369 451 420 uetare,
482 365 673 427 proprietatem
703 369 794 413 auctor
817 365 937 413 conside·

109 448 175 485 rans
205 436 260 486 eit:
286 434 334 485 lter
359 442 447 485 antem
476 437 527 484 elis
564 435 724 495 significatio
766 441 877 487 naturoe.
906 450 937 483 ea

111 506 235 556 videlicet
250 521 296 570 per
311 521 391 570 quiam
417 521 466 556 usu
492 508 639 556 maltorum
664 510 778 556 dicturus
804 506 936 554 diversum

112 591 171 627 esse
187 579 481 641 naturamnuriutqnc
497 578 619 635 argenti:
642 580 669 627 in
696 579 746 626 boc
775 592 826 626 neu
850 579 939 627 subsi-

112 656 370 714 stenseorporeum,
388 651 412 697 ta
430 655 540 699 estnon
570 651 657 713 ipsum
685 651 756 713 qirutl
787 655 937 698 celsianum

112 723 153 772 rel
166 727 325 784 argeutum
342 734 395 770 aon
413 723 497 781 ipsam
513 735 572 783 quse
591 736 621 769 cs
642 736 739 781 uerrere
762 725 788 769 ct
812 721 938 769 dillcrcu-

113 794 279 847 tittconslnl,
296 794 497 842 subsistentiam
521 794 672 855 specialem,
701 808 754 854 qun
785 799 822 842 est
843 806 938 841 tritium

112 864 331 925 relargentum;
361 877 416 913 nou
444 866 607 924 generalem,
623 878 682 927 irase
713 864 829 926 ‹prodam
859 866 939 912 niodo

114 934 276 1000 principium
291 939 332 985 est
343 934 503 997 specierum,
533 949 587 999 apua
615 944 758 997 ntinrmjue
786 935 939 984 borumest

113 1006 379 1063 velmetallum,vel
408 1012 487 1063 terra,
510 1010 551 1055 cel
583 1021 690 1069 corpus,
715 1006 757 1054 rel
786 1004 938 1066 buiuunodi

114 1077 184 1137 elie;
200 1091 255 1127 uon
271 1078 379 1140 aliquod
398 1091 567 1140 eorumquae
587 1078 766 1127 subsistentiis
789 1077 896 1133 adsunt,
915 1080 941 1124 et

113 1146 207 1197 insunt
225 1146 436 1197 subsistentibus
449 1149 649 1209 accidentiam
674 1164 728 1198 nou
756 1149 873 1210 denique
894 1146 939 1195 bo·

113 1234 171 1270 rum
188 1220 297 1282 aliquod
326 1227 458 1270 eternum
482 1222 643 1283 principium
671 1222 790 1270 volentes
818 1219 939 1279 intelligi,

114 1294 161 1341 sed
190 1292 281 1354 petius
306 1298 409 1341 neturae
447 1292 556 1341 nemine
596 1298 748 1341 monstrare
790 1292 939 1352 cupientes,

115 1376 205 1413 rernm
224 1376 284 1426 quie
301 1364 445 1427 generibus
461 1368 488 1411 et
502 1363 644 1426 speciebus
670 1363 726 1412 suis
749 1368 813 1411 eunt
828 1361 939 1423 aticpria,

115 1435 157 1485 vel
168 1450 298 1498 generum
315 1437 436 1499 ipsorum
448 1441 527 1498 atque
556 1438 704 1499 specierum
735 1433 939 1484 substantialem

993 362 1106 411 nirmtur
1131 376 1189 410 esee
1219 367 1342 422 naturis,
1370 362 1418 411 sed
1447 361 1599 412 sectandum
1616 361 1819 411 ultimsmdrlli·

991 434 1131 491 ultionem,
1160 447 1214 496 sicia
1241 433 1304 481 eolis
1346 432 1475 495 specilleis
1517 432 1679 483 differentiis
1719 438 1819 483 nature

992 504 1118 552 etirirruit
1134 520 1240 553 rsarncn.
1268 502 1415 568 Diligenter
1440 509 1533 554 temen
1565 504 1766 553 attendendum
1783 512 1821 555 est

992 578 1073 637 «lircil.
1089 575 1180 639 <paroni
1192 590 1217 624 iu
1235 578 1359 637 specifica
1374 576 1527 625 differentia
1555 590 1618 625 cnm
1641 589 1743 638 genere
1758 590 1819 624 con·

993 648 1079 696 stituit
1094 647 1221 709 speciem,
1237 648 1381 711 cujustibet
1404 647 1530 711 specialia
1556 649 1738 697 srrbsistentia
1760 649 1819 695 sim-

992 721 1052 780 pbr
1070 734 1128 768 esse
1143 734 1196 767 nou
1213 725 1315 781 potest:
1331 722 1375 768 liei
1391 734 1454 770 cero
1470 721 1589 769 essentie
1624 721 1742 768 omnino
1764 722 1819 768 sim·

994 792 1114 852 plcre-t.
1131 791 1208 839 Ninia
1235 794 1306 840 enim
1332 792 1435 841 ratione
1460 790 1642 853 intelligenda
1672 796 1714 839 est
1741 792 1819 840 cani·

994 861 1078 910 cursis
1093 877 1151 911 essu
1166 864 1323 925 coraposita.
1339 862 1416 911 Unde
1443 866 1471 911 et
1495 864 1523 911 iu
1553 862 1644 925 primo
1667 862 1738 911 libro
1752 868 1819 911 recto

995 932 1052 993 ipse
1068 933 1094 981 id
1111 936 1183 997 (laod
1214 939 1256 983 est
1282 948 1340 982 esse
1370 933 1477 983 dicitur.
1506 933 1566 983 Nou
1596 939 1641 984 est
1669 948 1735 996 ergo
1754 932 1819 983 Deus

994 1004 1093 1067 aliquid
1112 1006 1153 1053 rel
1169 1004 1286 1068 speciali,
1307 1003 1348 1053 vel
1376 1005 1498 1067 speeitics
1526 1005 1719 1054 subsistentis.
1749 1004 1819 1055 ideo·

994 1074 1111 1139 qaeetsi
1128 1074 1174 1123 Dei
1191 1075 1224 1123 ab
1247 1075 1355 1125 homine
1386 1074 1471 1124 altera
1497 1074 1599 1124 dicitur
1630 1089 1692 1125 esse
1718 1079 1821 1131 autore,

996 1148 1069 1197 uallo
1083 1149 1163 1196 modo
1179 1153 1269 1197 temen
1284 1146 1458 1209 intelligenda
1478 1151 1521 1198 est
1546 1146 1663 1211 generis
1688 1147 1785 1202 iorma,
1798 1154 1822 1197 et

995 1234 1055 1283 quas
1073 1220 1123 1281 ipsi
1139 1222 1229 1281 generi
1244 1219 1341 1274 torma,
1357 1224 1454 1283 etqnae
1466 1216 1519 1281 apsi
1547 1220 1646 1281 generi
1677 1220 1707 1268 in
1731 1218 1822 1269 consti·

995 1293 1100 1340 tutione
1116 1291 1216 1353 speciei
1227 1291 1324 1353 juncte
1338 1291 1382 1348 sit,
1406 1291 1529 1353 specifico
1557 1289 1733 1340 differentis.
1753 1290 1821 1349 Quod

995 1363 1076 1425 igitur
1109 1368 1202 1411 auctor
1231 1363 1277 1417 eit,
1304 1367 1357 1411 tam
1384 1363 1529 1413 eatboliees
1559 1376 1646 1425 quam
1671 1360 1821 1412 Nestorium

996 1434 1145 1484 seeundum
1186 1432 1308 1483 nltimam
1342 1435 1446 1484 naturae
1476 1434 1674 1484 dillloitionem
1703 1433 1773 1483 dues
1796 1436 1821 1483 ia

115 1508 316 1569 proprietatem.
339 1506 430 1565 Qualis
455 1511 496 1555 est
523 1507 609 1568 (verbi
637 1508 733 1571 grstia)
761 1506 938 1561 rationalitas,
995 1504 1100 1555 Christo
1116 1506 1279 1555 constituere
1294 1509 1414 1563 naturas,
1443 1506 1481 1555 sic
1511 1505 1727 1569 intelligendum
1755 1506 1822 1555 ride·

117 1577 268 1627 llmeenim
286 1578 706 1641 neqriesubsisteusest,risque
735 1591 831 1639 genus,
851 1588 939 1638 neque
996 1576 1144 1639 lnr:qnod
1161 1574 1285 1640 quemvis
1310 1589 1365 1626 uon
1394 1578 1429 1625 sit
1455 1575 1820 1632 alteraDei,atterahoni·

117 1646 475 1712 spccics,nequaaeeidens
502 1647 683 1705 subsistentis,
713 1663 799 1712 neque
828 1645 1362 1741 salusti-Buisspecilicadidereutia;
1391 1646 1439 1695 sed
1468 1645 1520 1697 lroo
1547 1651 1641 1696 tamen
1670 1645 1772 1697 dicitur
1792 1647 1821 1697 al-

117 1720 163 1770 bet
189 1720 287 1770 lior-rm
315 1725 445 1769 aeternum
476 1721 646 1784 principium,
663 1721 710 1771 sed
734 1721 943 1784 potinsspecie-
995 1721 1063 1779 tera,
1078 1717 1149 1781 quod
1165 1731 1225 1780 qum
1241 1722 1283 1767 est
1311 1718 1430 1767 beminis
1455 1717 1591 1780 specifice,
1621 1731 1682 1767 non
1708 1724 1750 1767 est
1761 1716 1819 1775 Deir

116 1806 186 1854 runi,
201 1805 342 1855 quaecum
370 1806 469 1855 genere
497 1794 556 1857 ipsa
586 1793 735 1849 coustituit,
764 1794 806 1842 rel
835 1792 942 1855 generis
994 1792 1152 1852 eiquesest
1176 1789 1224 1837 Dei
1254 1802 1309 1839 non
1337 1788 1539 1852 specificanm
1571 1788 1819 1849 estbumiuis.0ui

115 1864 232 1927 eujusiu
248 1865 410 1914 subsistente
441 1865 482 1914 rel
511 1865 687 1916 subsistentis
712 1864 801 1928 speeie
822 1864 942 1927 sequitur

114 1940 281 1998 potestatem,
307 1934 543 1985 consubstantialis
573 1938 736 2000 proprietas.
768 1937 831 1986 llaec
859 1934 943 1997 igitur

115 2010 156 2055 eat
182 2009 289 2068 proprio
312 2010 416 2055 naturae
444 2005 618 2070 significatio,
646 2022 707 2071 quae
734 2005 890 2061 diitluietur,
915 2005 942 2055 id

114 2081 155 2125 est
169 2077 319 2125 seeundum
334 2090 415 2140 qiraui
444 2078 668 2138 significationem
700 2084 799 2128 natura
824 2076 942 2126 dilliuie·

114 2152 166 2200 tur,
183 2146 233 2197 bno
247 2147 346 2197 modo:
362 2146 465 2197 Nature
479 2160 520 2199 est
535 2164 754 2214 unamquamque
771 2164 826 2199 rem
857 2150 943 2198 intor-

114 2232 190 2268 mans
218 2217 343 2281 specifice
371 2217 534 2269 differentia.
564 2221 719 2271 Secundum
754 2221 824 2269 haue
847 2218 944 2268 dttnnt-

114 2288 344 2345 liencur,unilnm
366 2289 536 2353 principium,
567 2293 671 2342 nullum
702 2293 855 2342 subsistens
883 2304 944 2341 eor·

115 2361 502 2425 poreurnrettucorpoceum,
533 2362 638 2411 utillum
669 2363 812 2425 genusvel
840 2364 944 2421 srieeies

116 2430 295 2491 subsistentis,
328 2432 432 2480 nullum
471 2433 582 2483 omuino
625 2432 751 2483 accidens
795 2434 944 2495 appellatur

117 2506 223 2551 natura.
254 2502 321 2551 Nam
353 2504 502 2554 seeundum
529 2505 705 2567 philosophos
721 2505 777 2564 ῡλη.
793 2518 854 2569 quae
873 2506 944 2554 silva

117 2573 225 2629 dicitnr,
250 2572 432 2635 primordialis
449 2574 549 2624 scilieet
564 2576 677 2625 materis
691 2575 811 2625 omnium
835 2576 944 2638 quidem

117 2644 268 2694 secundum
304 2645 363 2695 illos
391 2645 539 2695 termarum
567 2650 765 2710 receptaculum
797 2652 847 2703 est,
877 2646 945 2695 nibil

120 2729 184 2765 vero
204 2717 262 2779 ipsa
276 2718 409 2767 informat.
427 2720 526 2767 Auctor
549 2733 656 2781 quoquc
680 2720 800 2769 oninium
822 2718 902 2778 Deus,
919 2721 946 2766 et

118 2788 140 2835 si
157 2801 174 2837 a
191 2787 348 2851 theologicis
364 2788 513 2838 secuudum
535 2792 614 2839 eliani
646 2792 775 2840 rationem
806 2793 945 2840 universo-

119 2871 178 2907 rum
196 2872 212 2906 e
229 2873 257 2907 sa
272 2864 424 2908 creatorum
441 2866 546 2918 uattrra,
564 2866 590 2910 et
620 2861 742 2923 degentis
773 2870 844 2911 reete
867 2875 943 2910 crea-

115 2932 186 2979 turae
211 2931 350 2980 rationalis
377 2932 463 2980 torma
490 2934 613 2982 dicatur:
651 2947 822 2996 nequaquam
853 2937 943 2981 tamen

118 3001 267 3049 secundnm
284 3000 355 3051 ittam
371 3006 503 3051 rabonem
529 3018 583 3066 qua
607 3003 810 3053 subsistentium
842 3003 943 3052 iuraras

119 3068 197 3133 logici
213 3077 317 3129 vocant,
333 3070 407 3135 ipsas
419 3086 512 3122 eorum
528 3074 627 3137 «picibus
642 3074 745 3136 aliquid
775 3079 838 3124 snut
862 3088 942 3136 geue·
958 3042 979 3109 C

119 3141 260 3200 ruissent
280 3144 417 3205 speciales,
448 3149 495 3192 aut
525 3144 718 3195 dilicrentieles
744 3146 941 3202 subsistentias,

119 3218 166 3262 aut
180 3215 328 3264 secuudum
343 3221 470 3279 quartum
486 3230 574 3280 genus
588 3217 736 3280 qualitatis,
756 3220 834 3267 etiam
863 3232 943 3281 quas·

119 3284 180 3333 dam
195 3286 382 3343 accidentales,
398 3286 457 3349 ipsa
474 3292 516 3336 est
529 3287 625 3338 lorme.
639 3290 794 3338 Subsistens
809 3304 872 3339 reru
887 3303 944 3338 eor·

119 3368 233 3417 perenm
249 3355 306 3406 sire
321 3356 511 3420 incorporeum
526 3358 670 3421 praedictas
697 3362 815 3424 spridenr,
844 3362 944 3423 quibus

121 3430 163 3474 est
176 3424 289 3489 aliquid,
305 3427 333 3475 iu
350 3442 377 3476 se
393 3428 494 3478 formas
509 3428 608 3478 liabett
637 3430 725 3494 iprum
755 3438 843 3481 autem
875 3432 944 3481 nibil

121 3495 257 3547 informat.
270 3497 379 3560 Species
393 3513 457 3549 vero
473 3501 518 3550 illa
531 3514 592 3564 quas
620 3504 814 3566 specialissimo
834 3503 942 3562 dicitur,

121 3566 448 3629 etsiiudiridnornmsit,
481 3581 528 3621 aut
555 3576 634 3623 etiam
665 3578 773 3639 generis
801 3576 896 3630 fornia,
914 3577 942 3626 in

120 3637 306 3689 describendis
318 3645 407 3691 tamen
422 3642 569 3693 individuis
599 3645 683 3695 vicem
711 3651 786 3697 tenet
814 3647 942 3705 materiae,

121 3715 148 3760 et
161 3710 265 3762 nullius
293 3719 382 3777 potest
409 3730 467 3766 esse
496 3717 630 3780 specifice.
670 3719 808 3770 Generalis
836 3735 942 3784 (litoque

119 3783 294 3834 subsistentia
321 3789 444 3849 quamvis
472 3790 676 3841 subsistentium
709 3794 737 3841 iu
772 3792 872 3857 quibus
902 3798 943 3843 est

118 3853 205 3904 torma
230 3858 275 3918 sit,
298 3862 325 3907 et
350 3860 463 3909 minoris
486 3874 566 3924 quem
608 3863 665 3925 ipsa
696 3866 730 3914 sit
758 3865 942 3914 similitudinis

118 3926 219 3977 formes
233 3931 382 3985 constitnit,
397 3936 488 3982 tomen
504 3937 532 3984 io
560 3935 767 3986 diffinitionibus
791 3939 939 3999 specierum

119 3999 287 4050 substantive
315 4002 511 4064 significatione
552 4009 706 4070 praeposita,
736 4008 939 4059 similitudinem

117 4073 260 4133 quaindnm
277 4074 396 4125 materies
427 4076 515 4137 babet,
543 4092 592 4128 uec
621 4081 699 4130 alicui
727 4095 781 4143 prae
805 4096 833 4130 se
849 4083 940 4144 generi

118 4155 201 4205 aquo
217 4147 273 4195 tots
287 4147 438 4197 substantia
453 4151 493 4197 sui
510 4150 617 4199 diversa
631 4150 674 4207 sit,
691 4152 717 4199 iu
733 4152 941 4203 diffinitionibus

118 4212 175 4263 siue
202 4216 362 4266 accidentali
388 4220 557 4270 connexione
586 4222 673 4270 addici
715 4229 821 4285 potest:
866 4224 940 4275 ideo·

117 4297 169 4347 qne
185 4287 288 4337 nultum
303 4296 374 4339 recte
389 4303 476 4353 genus
492 4292 524 4340 ad
539 4294 743 4357 intelligendam
766 4296 851 4358 ipsius
877 4311 938 4361 spe-

993 1858 1139 1909 locutionis
1150 1874 1214 1909 usus
1229 1873 1301 1922 saepe
1316 1858 1343 1908 in
1360 1860 1479 1911 humane
1504 1861 1588 1911 etism
1617 1862 1725 1925 pagins
1753 1863 1821 1911 inre·

995 1931 1078 1981 nitur.
1093 1930 1161 1981 Nam
1176 1932 1337 1982 Aristoteles
1352 1947 1413 1982 euru
1429 1932 1456 1982 in
1487 1932 1704 1995 Prolegomeuis
1718 1932 1821 1998 Cetego-

994 2004 1094 2052 riarum
1110 2001 1240 2052 dixisset:
1268 2003 1439 2053 Diversarum
1468 2017 1601 2068 generum
1632 2008 1664 2054 et
1692 2005 1821 2054 nonsati-

994 2075 1145 2124 alternatim
1160 2072 1311 2138 positorum
1338 2075 1451 2125 dirersoe
1477 2079 1542 2125 sunt
1569 2074 1683 2139 species
1713 2080 1741 2125 et
1755 2074 1821 2125 dille·

994 2148 1098 2202 reatini,
1114 2145 1164 2194 lroc
1179 2144 1344 2208 exemplavit
1358 2146 1459 2203 diceus,
1475 2151 1505 2195 ut
1519 2146 1661 2205 euimelis,
1686 2151 1717 2196 et
1743 2149 1821 2197 seien-

994 2220 1048 2267 tte.
1064 2217 1096 2266 Et
1109 2230 1168 2266 eum
1184 2221 1369 2267 enumerasset
1395 2219 1524 2281 quasdam
1554 2217 1746 2277 differentias,
1768 2232 1820 2283 qus

995 2288 1280 2347 veresuatauimalis,
1311 2289 1399 2339 nullae
1427 2290 1601 2339 enumeravit
1628 2292 1819 2342 seientisa.uee

995 2362 1092 2424 potuit,
1110 2362 1237 2424 qnoniam
1265 2375 1358 2410 eoram
1387 2375 1448 2425 qais
1475 2362 1660 2418 inabstracta,
1685 2362 1817 2427 seperatim

995 2438 1084 2482 lamen
1102 2435 1134 2480 ab
1150 2432 1189 2480 eis
1202 2431 1229 2479 in
1245 2432 1342 2494 quibas
1357 2436 1430 2487 suut,
1447 2432 1605 2495 speculatur
1636 2434 1819 2484 mathematica

996 2501 1148 2566 disciplina,
1165 2503 1265 2552 trullum
1282 2516 1367 2565 genus
1381 2503 1504 2567 estquod
1522 2503 1645 2561 dividet,
1664 2507 1741 2556 nulla
1767 2519 1817 2568 spe·

995 2577 1050 2624 eies
1064 2589 1143 2637 quam
1161 2576 1309 2623 constituet
1322 2574 1447 2637 specifice
1461 2575 1558 2625 forms.
1573 2575 1638 2626 Nou
1668 2577 1744 2627 euim
1766 2582 1819 2627 sunt

996 2646 1097 2710 aliquid
1121 2646 1302 2695 subsistentiis
1329 2646 1517 2696 mathematica
1551 2648 1736 2699 inabstracta.
1763 2648 1817 2698 Cum

996 2717 1077 2781 igitur
1108 2719 1185 2778 (sicut
1214 2717 1313 2767 dictum
1343 2720 1391 2779 est)
1430 2724 1621 2769 enumerasset
1665 2720 1818 2770 differentias

997 2790 1129 2847 animalis,
1158 2803 1213 2838 non
1241 2788 1397 2852 subjuncta:
1426 2788 1473 2839 Hoe
1500 2802 1566 2839 rere
1594 2795 1665 2840 erint
1693 2790 1817 2849 scientim

997 2859 1251 2909 sedait:Scientire
1282 2860 1445 2910 veronulla
1472 2864 1512 2910 est
1544 2860 1722 2926 barum,qui
1741 2868 1818 2912 tenca

997 2934 1102 2982 eliserat
1127 2934 1293 2983 diversorum
1320 2947 1449 2996 generum
1491 2946 1552 2983 esse
1597 2934 1736 2991 diversas,
1775 2939 1818 2983 ste.

998 3005 1124 3053 Similiter
1148 3006 1191 3054 bie
1224 3019 1283 3055 eum
1315 3010 1408 3055 auctor
1443 3004 1565 3067 dixisset,
1597 3008 1679 3069 quod
1711 3004 1819 3056 carboliei

1000 3082 1079 3140 atque
1094 3076 1233 3126 Nestorius
1244 3077 1311 3127 duas
1342 3076 1370 3126 in
1398 3075 1504 3128 Christo
1533 3078 1696 3128 seeundum
1714 3079 1819 3128 ultiman

999 3147 1187 3197 diffinitionem
1204 3153 1314 3198 naturas
1329 3149 1503 3204 constituant,
1514 3162 1573 3199 non
1584 3150 1646 3199 eit:
1663 3150 1711 3199 liae
1735 3150 1819 3200 etenim

997 3219 1202 3276 suntbomtme
1232 3219 1274 3269 lire
1302 3233 1367 3269 vero
1395 3219 1461 3278 Dei;
1485 3220 1533 3269 sed
1558 3221 1820 3283 potiusaitrlt'eque

997 3292 1189 3342 enimeasdem
1214 3292 1242 3341 ia
1270 3291 1355 3342 Deum
1379 3296 1459 3356 etque
1487 3291 1632 3342 homiuem
1665 3292 1820 3344 differentias

997 3364 1141 3413 convenire
1157 3364 1288 3424 (subaudi)
1299 3362 1423 3413 catholici
1435 3362 1635 3427 Nestoriusque
1651 3366 1820 3415 constituant

997 3434 1073 3492 Quod
1090 3435 1183 3485 diceus
1198 3436 1256 3484 vult
1270 3436 1381 3497 intelligi
1393 3449 1400 3482 :
1414 3434 1474 3484 Noa
1490 3436 1565 3499 qued
1595 3436 1664 3487 alise
1691 3442 1755 3487 sant
1780 3438 1819 3485 be·

997 3504 1087 3562 minis,
1103 3506 1159 3555 alias
1177 3508 1222 3556 lici
1234 3513 1337 3556 naturea
1352 3506 1492 3570 specificae,
1507 3508 1556 3556 sed
1572 3508 1653 3571 quaid
1678 3522 1740 3573 qnae
1766 3513 1819 3557 snat

997 3577 1123 3633 hominis,
1140 3579 1467 3641 nciruequamsantltei3
1495 3579 1544 3642 qui
1571 3584 1671 3631 tamen
1700 3582 1819 3631 duasne·

996 3652 1071 3698 turae
1086 3663 1143 3699 esse
1158 3651 1186 3698 iu
1201 3650 1318 3707 Christo,
1337 3654 1365 3699 et
1388 3648 1539 3700 secundom
1566 3650 1696 3702 nltimam
1727 3658 1818 3702 ustam

996 3720 1185 3770 diffinitionem
1201 3721 1315 3770 dixerat.

1295 3836 1338 3886 DE
1352 3834 1515 3887 PnnsnrtA.

1018 3934 1078 3984 *Sed
1100 3935 1133 3984 de
1158 3950 1279 3999 persona,
1316 3935 1380 4001 ete]
1410 3938 1554 4000 Hucusque
1583 3936 1713 3988 nominis
1739 3936 1816 4003 bajas,

996 4008 1068 4068 quod
1084 4012 1244 4064 estuatura.
1273 4013 1401 4072 quantum
1428 4008 1462 4058 sd
1490 4009 1544 4058 hoc
1570 4022 1647 4072 epus
1668 4011 1817 4073 pertinebat,

995 4080 1205 4141 significationes
1233 4080 1333 4138 divisit,
1364 4086 1391 4130 et
1421 4080 1571 4130 secuudum
1606 4094 1817 4146 unamquamque

994 4150 1217 4212 quidsitnatnra
1244 4150 1382 4208 diffinivit,
1411 4155 1438 4201 et
1461 4165 1494 4201 ex
1522 4166 1577 4215 qno
1600 4166 1689 4204 sensu
1704 4149 1815 4203 catholici

994 4227 1075 4283 atque
1085 4223 1221 4271 Nestorius
1233 4227 1356 4272 usturam
1369 4223 1452 4272 velint
1467 4222 1592 4286 intelligi,
1624 4226 1729 4275 docuit.
1750 4224 1817 4273 Naue

993 4291 1091 4355 quibas
1106 4295 1186 4343 rebus
1202 4308 1300 4343 nomeu
1316 4308 1438 4356 personne
1450 4298 1610 4356 conveniat,
1624 4297 1716 4360 primo
1739 4308 1816 4345 reram

118 4355 186 4405 ciem
201 4356 308 4409 lorrnat.
319 4361 416 4411 Forma
434 4376 497 4412 vero
513 4364 557 4413 illn
572 4378 632 4427 quae
656 4381 754 4429 genere
776 4369 889 4430 natalitiis
904 4370 937 4418 ab
992 4364 1112 4427 ipsarum
1128 4366 1259 4416 divisione
1275 4369 1406 4427 vestiget3
1422 4367 1520 4417 deiude
1533 4367 1648 4419 ratione
1659 4369 1817 4419 diffinitionis

116 4427 388 4489 Aristotcloedicitur,
418 4437 546 4496 quonism
574 4440 677 4487 ratione
704 4421 1457 4501 accidentalisest,1)etusti.etetiamnominisipsius
1478 4439 1717 4503 interpretatione
1739 4440 1815 4489 dreit·

119 4501 242 4560 specrlice
257 4516 315 4552 esse
327 4518 380 4553 uon
398 4511 495 4566 potest.
510 4506 613 4557 idcireo
629 4511 732 4559 nullum
763 4511 859 4560 borum
879 4526 938 4575 qum

116 4570 188 4620 dicta
203 4578 267 4623 strat
281 4576 431 4625 secundum
448 4580 604 4640 proedictam
634 4581 822 4632 dilliuitionem
842 4588 939 4632 statura

115 4647 164 4691 est.
180 4643 351 4707 ltelinquitur
366 4660 430 4709 ergo
460 4655 564 4699 uirtutes
593 4666 691 4701 uonien
711 4653 843 4716 epecitlcis
866 4655 938 4704 dille·

115 4713 221 4765 rentiia.
236 4728 295 4777 quse
309 4720 337 4765 et
351 4723 454 4768 naturae
470 4725 542 4778 sunl,
560 4726 586 4771 el
604 4724 756 4787 aliquorum
785 4730 858 4779 sunt,
873 4728 939 4775 enb-

115 4782 269 4833 sistentium
285 4787 418 4846 videlicet,
437 4792 464 4839 iu
483 4794 581 4855 quibus
596 4800 659 4844 suut
673 4801 700 4845 et
714 4811 828 4858 quornm
846 4797 938 4847 lernam

115 4859 142 4902 et
156 4868 213 4904 esse
230 4860 302 4915 suut,
319 4864 345 4907 et
360 4863 509 4922 specierum
525 4878 638 4927 quercum
653 4875 741 4929 partes
756 4868 937 4918 antistitutivoe

115 4929 188 5005 sunt,
205 4931 231 4976 et
247 4943 377 4991 generunt
393 4947 508 4995 quornm
538 4942 664 4999 potestati
692 4941 796 4990 ratione
815 4940 937 5004 proprio·

116 4997 179 5045 tatrs
195 4997 318 5057 addictae,
334 5016 426 5052 eornm
442 5019 550 5070 utroquo
570 5007 597 5056 iu
629 5012 778 5072 specierum
798 5011 938 5062 diitiuitio·

114 5068 195 5117 nibus
209 5067 303 5119 forman
320 5078 392 5122 sunt.

147 5140 211 5187 Cam
234 5142 324 5203 igilur,
355 5144 419 5208 ete]
448 5148 547 5205 Onesi:
576 5150 677 5200 Nouren
706 5159 809 5204 ustura)
832 5159 878 5205 aiil
905 5155 937 5204 de

114 5210 194 5259 rebus
209 5213 343 5272 omnibus,
375 5222 422 5266 ant
451 5219 484 5267 de
514 5221 578 5268 solis
594 5221 814 5282 subsistentibus,
831 5233 877 5276 aut
904 5227 937 5276 tle

113 5280 178 5330 solis
202 5286 371 5343 corporibus,
401 5292 447 5337 etat
476 5291 508 5339 de
533 5292 595 5340 solis
624 5295 753 5354 specilicis
781 5298 938 5347 differentiis

113 5354 221 5402 dicitur.
237 5356 304 5405 Cum
320 5358 403 5419 igitar
418 5366 516 5410 nutum
530 5368 569 5412 tot
584 5366 680 5419 uiridia,
700 5371 742 5417 rel
770 5370 937 5419 diversorum

113 5424 285 5477 usudivcrao
314 5431 429 5487 clienter,
446 5434 489 5481 vel
520 5436 599 5485 ctiam
626 5438 784 5503 dilliniatur,
810 5448 862 5491 tam
893 5458 937 5491 en·

114 5495 300 5573 tlioliciipram
316 5502 454 5553 Nestorius
471 5512 542 5556 recto
574 5510 752 5571 constituunt,
766 5515 791 5562 id
819 5519 936 5564 estsine

114 5567 206 5630 eliqua
233 5584 289 5620 suat
319 5574 501 5638 perceptionis
530 5580 703 5633 liaesitntioue
742 5586 835 5633 dieunt
870 5587 937 5636 duas

114 5644 225 5721 neturus
240 5656 298 5693 esse
311 5644 339 5692 in
355 5644 469 5706 Cbristo,
488 5663 543 5700 uon
559 5656 707 5705 secuudum
723 5656 841 5718 aliquem
855 5657 936 5706 trium

112 5721 312 5774 praemissarum
335 5713 537 5782 diffinitionum,
566 5724 667 5790 quibus
694 5725 736 5776 rel
761 5740 803 5777 res
832 5739 936 5790 omnes,

992 4514 1043 4556 rut,
1060 4510 1160 4567 Quasi:
1176 4510 1317 4567 Quomodo
1332 4515 1428 4559 netnra
1455 4508 1621 4569 dilliniatur,
1647 4521 1760 4577 propter
1781 4514 1815 4559 di·

990 4593 1130 4631 versurum
1147 4596 1211 4631 usus
1227 4582 1349 4632 diverses
1364 4582 1475 4632 dubium
1503 4587 1553 4633 est·
1576 4583 1635 4634 Sed
1657 4586 1692 4635 de
1711 4594 1814 4648 persons

991 4655 1105 4702 maxime
1121 4654 1236 4704 dubitari
1254 4656 1352 4717 polest,
1367 4668 1492 4720 qaenam
1517 4656 1651 4708 videlicet
1679 4663 1706 4709 et
1726 4652 1814 4706 ditari·

989 4727 1028 4774 tio
1060 4724 1084 4775 ei
1113 4728 1198 4789 possit
1223 4725 1329 4789 aptsri;
1345 4731 1371 4777 et
1399 4740 1459 4791 quse
1482 4727 1813 4781 dubitationissiteeast.

992 4798 1129 4860 supponit.

1021 4871 1148 4933 sienim,
1180 4872 1243 4938 etc]
1268 4875 1378 4931 Natura,
1410 4871 1480 4922 sicut
1507 4874 1616 4925 dietum
1650 4880 1701 4935 est,
1721 4880 1766 4927 ent
1784 4873 1812 4923 de

992 4942 1055 4992 solis
1073 4944 1204 5006 specificis
1222 4944 1391 5001 differentiis,
1413 4948 1461 4994 sut
1490 4944 1525 4994 de
1555 4950 1628 4997 solis
1655 4949 1812 5013 corporisne.

992 5017 1087 5065 nutde
1121 5018 1247 5068 omnibns
1276 5019 1443 5077 substantiis,
1461 5022 1509 5067 ant
1541 5024 1577 5068 de
1599 5022 1813 5071 omnibusrcbm

991 5086 1236 5137 dicitnr.Pe1sonn
1265 5103 1339 5151 vero,
1358 5099 1404 5139 eut
1436 5088 1469 5138 de
1493 5089 1537 5139 bis
1560 5092 1668 5154 quibus
1688 5090 1812 5143 errarenit.

990 5164 1035 5207 aut
1052 5162 1085 5209 de
1096 5160 1138 5209 his
1155 5161 1254 5224 quibus
1271 5175 1326 5212 non
1352 5160 1489 5218 convenit,
1517 5176 1623 5214 nomen
1640 5171 1746 5215 nature
1759 5175 1814 5227 prs·

990 5230 1103 5280 dicatur.
1146 5232 1197 5281 Scd
1226 5232 1259 5281 de
1290 5232 1332 5281 liis
1361 5233 1460 5295 quibus
1488 5237 1648 5285 seeundum
1679 5236 1813 5299 quamlibet

991 5301 1182 5365 praedictarum
1211 5304 1437 5364 significationum
1467 5317 1569 5354 nomen
1603 5313 1711 5357 naturas
1732 5304 1814 5370 praedi·

990 5379 1067 5422 eatur
1080 5388 1204 5436 perseus.
1220 5380 1266 5423 ant
1281 5377 1314 5424 de
1332 5376 1458 5425 omatibus
1485 5380 1533 5426 aut
1560 5376 1714 5443 aliquibus.
1733 5380 1780 5428 Sed
1794 5375 1811 5425 si

990 5447 1079 5494 oriiuis
1094 5452 1192 5494 natare
1207 5446 1288 5495 habet
1302 5460 1455 5510 personam.
1479 5447 1566 5497 idest
1591 5450 1616 5499 si
1641 5452 1676 5501 de
1700 5450 1812 5501 omnibns

990 5530 1050 5579 qrieu
1074 5520 1222 5565 secundum
1249 5519 1396 5581 qiremlibet
1425 5519 1633 5581 predictarum,
1664 5528 1695 5573 ut
1722 5522 1811 5571 dictum

991 5594 1040 5645 est,
1065 5588 1292 5651 significationum
1322 5588 1451 5640 dicuutur
1487 5594 1602 5649 ustura,
1633 5595 1810 5658 praedictarum

989 5672 1116 5722 persona.
1133 5660 1395 5713 Sensaszsiamnis
1423 5665 1523 5713 natare
1552 5669 1599 5715 est
1627 5680 1753 5731 perseus,
1775 5664 1812 5713 in-

990 5730 1157 5784 dissolubilis
1171 5735 1259 5784 nodus
1273 5736 1324 5795 est,
1338 5731 1365 5783 id
1380 5738 1422 5784 est
1451 5733 1494 5785 rix
1523 5738 1575 5787 sut
1593 5750 1767 5805 nequequam
1777 5734 1811 5785 is-
