3892 6126
700 312 750 367 DE
768 310 994 372 estwntstso
1011 310 1252 369 ctrsssomco:

476 434 598 492 Nullum
612 435 723 493 honum
739 435 851 494 mulum
865 438 921 509 ost,
937 436 1054 510 negotio
1070 435 1257 493 universalis.

475 527 628 594 Quoddsm
640 530 756 600 justum
773 528 883 583 bonum
899 533 953 593 cst,
970 527 1155 600 particularis
1171 523 1340 582 stlirmstio·

477 615 686 674 Universsiiter
701 634 852 687 converse,
869 617 962 675 Omne
977 619 1087 675 bonnm
1099 618 1216 689 justum
1232 621 1285 673 est

478 706 684 763 Universnlitor
698 724 849 772 converso,
864 707 985 764 Nullum
998 709 1109 763 mnium
1127 708 1238 762 bonum
1254 707 1311 763 ost.

477 798 629 864 Quodlsm
641 798 758 868 justum
775 797 888 854 molum
903 813 961 853 non
976 799 1030 863 ost,
1045 800 1147 853 estem
1161 794 1324 862 conclusio,

476 887 608 953 Oucdsrn
619 888 737 959 justum
754 888 864 944 melum
878 903 936 944 non
952 890 1007 944 est.

115 977 295 1035 Nonusvsro
302 975 940 1050 modusinqusrtummodumresclvitnrsic,
956 984 982 1047 Α
996 975 1068 1032 riter
1082 975 1112 1031 in
1127 975 1255 1048 primum
1271 972 1352 1044 noni,
1366 975 1396 1030 st
1413 971 1517 1029 eudem
1535 962 1685 1026 conclusio
1699 965 1817 1020 monost
1906 1010 1913 1017 .

116 1067 322 1141 primoqusrti
335 1067 366 1123 in
376 1069 539 1125 secundnm
551 1070 620 1127 noni
633 1070 864 1143 propositionem
876 1069 945 1126 uni·
999 1067 1114 1142 negatio
1129 1066 1324 1141 perticulsris.

115 1156 271 1216 venaliter
285 1161 483 1224 convertetur,
495 1160 662 1215 etseeunds
671 1159 770 1230 qnsrti
782 1159 944 1232 psrticuls-

478 1246 598 1304 Nullum
611 1250 723 1305 honum
739 1248 851 1306 melum
865 1253 921 1317 est,
937 1246 1111 1307 unlrsrsslis
1125 1246 1275 1320 nogstivs.

476 1337 628 1403 Qucddnm
639 1338 756 1410 justum
771 1339 881 1396 bonum
893 1344 948 1408 est,
965 1338 1149 1414 particularis
1163 1335 1351 1395 nl'flrmetive.

476 1427 696 1486 Particulsriter
710 1445 859 1487 converse.
875 1430 1028 1496 Quoddsm
1043 1430 1154 1487 bonum
1164 1430 1282 1502 justum
1298 1428 1354 1484 est.

479 1515 688 1575 Universsiiter
701 1535 850 1589 converse,
866 1517 987 1576 Nullum
1003 1519 1114 1577 melum
1131 1520 1242 1576 bonum
1259 1520 1317 1575 est.

478 1609 629 1675 Quodnam
638 1611 755 1681 justum
771 1607 882 1665 melum
898 1625 956 1665 non
970 1613 1025 1681 ost,
1042 1610 1145 1666 sedem
1160 1607 1310 1667 conclusio
1326 1622 1334 1664 t

478 1700 632 1766 Quodnam
642 1703 759 1773 justum
775 1698 888 1756 mulum
900 1716 957 1757 ncn
970 1704 1027 1759 ost.

117 1788 946 1864 Resolutlsigiturqninqueprimstlguremodisinqns·
999 1775 1827 1861 defiguresecundusmcdusinsecundumpriorisfigu-

115 1878 945 1954 tucrsupsrioribus,seeundnflgurequatuormcdosin
999 1893 1040 1935 rm
1054 1878 1174 1936 modum
1197 1876 1437 1947 resolvuntur,et
1455 1871 1611 1931 resolvitur
1634 1864 1819 1941 primnesio.
1887 1920 1890 1927 ⁴
1934 1892 1936 1897 ·

114 1969 228 2046 prioris
242 1969 344 2044 figure
354 1970 457 2027 modos
467 1973 596 2042 quotuor
611 1967 803 2039 resolvemus,
816 1983 946 2041 quorum
999 1966 1147 2025 Conversa
1159 1967 1237 2025 enim
1254 1966 1351 2040 prims
1365 1960 1524 2021 universali
1537 1959 1693 2032 neqsticne
1709 1953 1827 2012 univer·

91 2082 98 2087 ·
113 2063 179 2118 tros
195 2059 476 2134 perccnvsrsionsm
488 2058 661 2131 probentur.
672 2059 800 2126 Qusrtus
812 2074 879 2115 vero
891 2073 944 2130 per
1000 2055 1111 2129 ssliter,
1121 2061 1150 2114 et
1159 2059 1298 2114 monente
1307 2043 1822 2116 secundsuniuersslislllrmetione,

112 2147 215 2209 solem
230 2147 510 2223 impossibilitatem.
525 2151 564 2204 At
577 2163 644 2205 vero
670 2147 785 2220 primus
800 2149 829 2204 et
842 2163 947 2204 secun·
962 2124 987 2191 Β
1001 2146 1104 2204 sedem
1118 2145 1269 2205 conclusio
1285 2153 1476 2216 utrorumque
1492 2139 1633 2199 nescitur.

837 2265 951 2321 Primus
965 2262 1103 2321 seeum.

355 2380 476 2439 Nullum
493 2381 604 2438 bonum
621 2379 734 2438 molum
749 2384 796 2439 est
902 2396 1043 2438 converse
1149 2379 1270 2437 Nullum
1287 2376 1398 2437 melum
1414 2377 1526 2435 bonum
1542 2377 1597 2432 est.

353 2474 446 2530 Omne
457 2472 576 2543 justum
592 2471 701 2527 bonum
717 2474 764 2527 eet
902 2471 1005 2527 endem
1148 2467 1365 2542 Omnojnstum
1382 2470 1492 2525 bonum
1510 2468 1569 2522 ost.

353 2560 599 2631 Nullnmjmtum
616 2560 726 2617 molum
743 2565 788 2617 est
904 2559 1007 2617 eudem
1150 2557 1270 2615 Nullum
1284 2559 1397 2630 justum
1414 2555 1525 2612 mslum
1540 2555 1595 2610 est.

111 2652 258 2712 munds
266 2652 364 2724 ligure
372 2651 520 2708 secundus
528 2651 670 2707 medusin
683 2651 784 2725 primes
795 2651 895 2724 figure
903 2666 947 2731 se·
1005 2646 1216 2721 propositione,
1226 2652 1255 2704 ct
1269 2647 1399 2704 secunde
1409 2643 1505 2719 primo
1515 2645 1663 2711 monente,
1673 2637 1828 2696 universe·

117 2744 253 2802 cundum
270 2742 389 2798 modum
406 2739 562 2797 resolvitur
576 2742 638 2796 sio:
662 2756 804 2797 converse
821 2740 950 2797 secunde
1004 2736 1073 2794 liter
1088 2737 1122 2792 iit
1136 2752 1276 2794 converse
1291 2734 1452 2793 conclusio.

351 2829 484 2887 Nulllum
499 2831 609 2887 honum
625 2829 737 2887 mnium
752 2834 798 2888 est
1035 2830 1085 2883 net
1227 2824 1318 2882 Omne
1329 2827 1443 2897 justum
1459 2822 1571 2879 bonnm
1585 2822 1641 2877 est.

353 2922 447 2976 Omne
457 2921 573 2992 justum
587 2921 697 2975 bonum
713 2925 758 2976 est
773 2936 835 2976 mn·
1086 2931 1227 2974 converse
1280 2915 1401 2972 Nullum
1415 2912 1525 2970 molum
1541 2912 1652 2967 bonum
1667 2909 1722 2966 cst.

355 3009 473 3065 Nullum
484 3010 600 3082 justum
619 3009 729 3066 melum
745 3013 791 3066 est
898 3022 1040 3065 converse
1200 3003 1320 3061 Nullum
1338 3003 1449 3060 mulum
1460 3003 1575 3074 justum
1591 3003 1648 3056 est.

113 3098 237 3158 Tertius
250 3115 317 3156 vero
332 3100 468 3156 secunde
483 3099 585 3172 ligure
596 3100 712 3167 modus,
725 3099 761 3154 de
772 3099 945 3171 qusrtopri·
1002 3101 1063 3160 tur,
1077 3097 1106 3151 oi
1121 3096 1256 3151 secunde
1269 3092 1485 3167 propositiones
1496 3087 1724 3147 msnssntidem
1735 3083 1831 3156 syllo-

116 3198 174 3239 mo
185 3182 474 3255 ligurosproorestur.
485 3179 820 3238 Utenimuniverssliter
831 3183 947 3255 negotio
1001 3184 1092 3258 giemi
1107 3184 1252 3242 terminus
1267 3183 1487 3257 propositioque
1498 3179 1647 3251 colligitur
1656 3176 1712 3234 hoo
1720 3176 1826 3235 modo:

115 3272 151 3329 in
166 3271 295 3345 primum
321 3271 552 3344 propositionem
569 3271 775 3328 nniverssiiter
797 3276 946 3329 converte·

356 3360 477 3421 Nullum
494 3361 604 3417 bonurn
620 3360 733 3416 mulum
748 3365 794 3419 est
901 3378 1042 3421 conseres
1202 3361 1323 3421 rtutlnm
1340 3360 1452 3418 mulum
1467 3360 1580 3418 bonum
1594 3360 1649 3416 est.

357 3450 509 3518 Quoddsm
521 3451 638 3523 justum
654 3450 765 3507 bonum
781 3454 826 3507 est
897 3452 1004 3510 similis
1200 3453 1478 3522 Quoddstustum
1494 3451 1605 3507 bonum
1620 3449 1675 3506 ost.

356 3541 509 3609 Quoddsm
524 3541 637 3610 justum
654 3540 764 3597 molum
781 3557 839 3598 ncn
854 3546 900 3599 est
914 3545 1017 3602 oedem
1198 3543 1350 3611 Quoddsm
1362 3543 1480 3614 J'ustum
1497 3539 1610 3597 mslsm
1625 3554 1684 3595 non
1699 3539 1755 3594 ost.

116 3636 247 3702 onorius
258 3630 828 3703 modussecundsefigurcquonismjsm
838 3633 944 3705 primo,
960 3636 982 3704 c
1000 3634 1214 3691 omnebonum
1238 3633 1333 3689 virtus
1348 3635 1404 3690 est.
1430 3631 1470 3687 iix
1485 3630 1532 3686 his
1546 3628 1638 3701 igitur
1659 3625 1827 3692 concludet,

115 3739 186 3782 cum
203 3723 352 3778 lectusest
365 3738 417 3794 per
427 3721 656 3785 conversionem,
667 3720 698 3775 in
710 3722 873 3793 superioris
886 3722 944 3793 pri·
999 3740 1086 3780 omne
1099 3722 1191 3796 igitur
1200 3720 1317 3793 justum
1333 3721 1428 3776 virtus
1442 3724 1499 3775 est.
1516 3718 1572 3776 Sed
1583 3717 1666 3791 prius
1679 3712 1827 3772 concessit

116 3830 172 3871 mss
189 3811 289 3885 ligure
306 3811 427 3867 modum
445 3810 606 3881 retorqueri
620 3826 677 3865 non
693 3815 817 3883 poteret,
830 3812 879 3866 sed
894 3828 945 3883 per
999 3811 1353 3887 quertimodiseoundum
1365 3805 1828 3883 propositionem,quessst,quod·

115 3900 303 3974 impossibile
315 3899 550 3956 demonstratum
562 3901 619 3966 est,
635 3897 683 3953 hic
695 3915 809 3970 quoque
826 3901 943 3971 perim·
1000 3904 1193 3974 dsmjustum
1209 3907 1302 3958 vtrtus
1309 3917 1366 3957 nnn
1379 3899 1525 3957 ost.Nunc
1541 3914 1608 3955 vero
1620 3894 1825 3954 conceditom·

117 3990 304 4067 possibilesd
312 3990 478 4060 superiores
489 3988 758 4056 reduciturmcdos,
770 3991 944 4062 etqunnism
999 4008 1036 4048 ne
1047 3994 1163 4063 justum
1177 3992 1269 4047 virtus
1283 3988 1483 4059 sst‚dusssibi
1493 3983 1825 4058 contrajacentessimul
1922 4026 1926 4031 .

117 4096 223 4139 omnes
239 4079 373 4136 secunde
391 4077 489 4151 tlgurn
507 4078 584 4133 modi
602 4092 652 4149 por
668 4078 852 4149 impossibile
864 4095 945 4135 mon·
999 4082 1194 4137 conclusurus
1207 4084 1262 4147 ost,
1278 4079 1356 4151 quod
1373 4077 1435 4134 flori
1451 4094 1510 4133 non
1526 4080 1633 4148 potest.
1649 4074 1709 4130 llcc
1723 4078 1823 4130 sutem

117 4174 263 4238 omniur,
288 4166 396 4223 idcirco
412 4183 466 4223 nos
488 4182 602 4238 quoque
617 4166 790 4223 inchoantes
807 4183 824 4223 s
840 4173 945 4240 qusrto
999 4169 1110 4227 idcirce
1124 4169 1230 4239 evenit,
1245 4166 1580 4242 qnisocnclusioqusrti
1599 4162 1678 4219 modi
1689 4163 1720 4217 in
1730 4161 1820 4233 primi
1915 4178 1918 4183 ·

117 4255 945 4331 omnesperimpossibilemsclvemus.lismqusrtusse·
1000 4251 1819 4330 modisecundnmpropositionemconversasst:quodsi

118 4351 223 4408 eunde
240 4348 342 4420 ligures
355 4346 461 4403 modus
475 4346 505 4401 in
522 4345 762 4419 primumprimur
778 4346 879 4418 ligures
893 4362 943 4404 re·
1000 4343 1515 4422 seeundspmpositicprimimcdiin
1526 4341 1623 4417 qusrti
1635 4339 1826 4399 conclusione

118 4439 246 4497 solvitur
256 4433 711 4510 perimpossibilitatem,tsrtius
725 4434 755 4491 in
767 4437 944 4507 seeundum,
1001 4455 1060 4496 non
1075 4437 1235 4512 colligitur,
1249 4435 1345 4509 quenti
1357 4433 1518 4501 conclusio,
1532 4433 1563 4488 iri
1577 4435 1623 4490 ost
1638 4428 1826 4505 perticulsris

118 4527 272 4586 secundus
287 4525 315 4581 in
326 4523 581 4596 tertium,primns
595 4523 783 4597 inqunrtum,
796 4526 873 4596 qnod
888 4526 944 4583 hoe
1000 4528 1128 4601 negotio,
1154 4524 1348 4600 permanebit.
1372 4523 1428 4581 Sed
1443 4539 1478 4581 no
1502 4522 1576 4580 torte
1592 4537 1646 4579 nos
1671 4520 1827 4578 conturbet

119 4619 208 4675 modo
224 4614 358 4687 liquebit.
375 4613 406 4671 Sl
420 4613 487 4687 quis
501 4629 569 4685 ergo
583 4613 657 4670 duos
673 4613 747 4670 istss
765 4615 943 4672 concesserit
1000 4621 1078 4693 quod
1089 4616 1316 4675 eliostermlnos
1332 4616 1362 4672 in
1375 4614 1549 4673 resolvendo
1560 4613 1647 4671 modo
1659 4611 1824 4684 posuimus,

120 4704 351 4781 propositiones,
374 4703 403 4759 id
419 4710 474 4770 eet,
499 4702 712 4759 omnebonum
737 4703 830 4759 virtus
846 4710 901 4772 est,
917 4710 947 4763 et
1000 4724 1090 4782 quum
1106 4707 1243 4781 superius
1254 4706 1285 4765 in
1300 4704 1502 4780 disponendo;
1518 4702 1669 4761 nonenim
1693 4701 1781 4758 modo
1796 4700 1826 4756 in

117 4795 272 4870 quoddam
288 4793 631 4864 justumsirtnsnonost,
644 4807 764 4849 necesse
774 4797 820 4848 est
830 4809 946 4865 quoque
999 4799 1136 4855 terminis
1149 4796 1391 4864 lateranenses
1404 4795 1433 4850 in
1448 4793 1553 4866 figuris
1563 4797 1593 4849 et
1603 4789 1699 4848 modis
1709 4795 1826 4848 etcum·

117 4881 342 4943 conclusionem
371 4881 590 4952 concedatque
614 4884 670 4946 ost,
687 4881 837 4953 quoddsm
852 4881 944 4955 igitur
1000 4885 1185 4962 plcxicnibus
1199 4883 1408 4942 construendis
1416 4889 1505 4955 utque
1518 4880 1825 4953 resolvendisopsrsm

113 4975 237 5050 justum
254 4973 430 5027 honnmnon
445 4974 502 5026 set.
512 4968 771 5026 Nsmsilrsrcislss
781 4977 836 5034 eet.
848 4971 905 5028 orit
918 4974 944 5030 ei
1000 4975 1215 5033 consumimus.
1233 4973 1339 5031 iisdem
1356 4973 1443 5029 modo
1453 4977 1483 5028 et
1493 4973 1591 5029 ceteri
1606 4971 1742 5029 secundos
1754 4969 1825 5042 ilgo-

117 5063 326 5133 contrsjscens
336 5076 404 5116 vers
414 5060 757 5132 queest,cmnejustum
768 5060 880 5118 bonum
891 5069 948 5132 est,
1002 5064 1034 5120 in
1050 5066 1161 5138 primos
1174 5068 1302 5137 quotuor
1316 5061 1514 5120 resolvuntur.

119 5156 172 5212 ssd
180 5151 262 5208 illum
274 5149 490 5220 concessitque
498 5152 544 5205 est
554 5148 949 5222 primoquartimodi,ldcst,

356 5254 449 5311 Omns
464 5254 574 5310 bonum
585 5252 679 5310 virtus
693 5259 739 5312 ost
987 5260 1089 5318 sedem
1196 5261 1289 5317 Omne
1304 5259 1420 5316 bonum
1430 5257 1524 5315 virtus
1538 5261 1594 5314 est.

354 5343 507 5409 Quoddsm
517 5346 634 5416 justum
645 5344 739 5401 virtus
754 5361 812 5402 non
827 5352 872 5403 est
1182 5351 1275 5407 Omns
1286 5349 1402 5419 lustum
1418 5346 1528 5405 bonum
1544 5350 1599 5404 est.

354 5433 507 5500 Quoddsm
523 5433 614 5506 igitur
623 5436 739 5504 justum
751 5436 861 5492 bonnm
875 5455 933 5495 non
948 5443 994 5498 est
1189 5439 1283 5495 Omne
1297 5437 1388 5511 igitur
1398 5438 1515 5510 justum
1529 5437 1624 5493 virtus
1637 5439 1692 5492 est.

116 5530 228 5588 Tertus
244 5522 489 5596 seeundessgurrs
506 5523 749 5583 modusseeundc
760 5525 860 5599 prims
872 5527 948 5602 iigu·
1004 5529 1083 5588 modi
1094 5528 1282 5597 concesserit,
1294 5527 1503 5601 particularem
1517 5542 1634 5600 quoquc
1643 5523 1826 5598 negationem

117 5638 160 5681 ru
176 5616 320 5677 modesto
334 5613 511 5675 resolvitur:
526 5615 552 5675 si
567 5632 636 5691 quis
650 5617 726 5675 (iuss
741 5619 854 5691 primes
867 5621 946 5678 tertii
1002 5617 1167 5688 concludet,
1178 5633 1244 5690 quse
1254 5619 1308 5686 est,
1320 5616 1469 5688 quodsum
1480 5612 1698 5688 igiturJustum
1713 5612 1825 5671 bonum
